1934 2954
437 112 509 135 100

433 151 676 188 contextum
696 172 709 192 ‚
742 147 810 187 sed
837 148 887 187 ad
921 147 1036 197 ipsius
1056 147 1243 198 Capituli
1272 148 1312 186 in
1329 154 1521 188 materno
1550 149 1780 191 idiomate)

431 200 692 251 originaliter
721 203 871 240 extensi
901 210 1091 240 tenorem
1121 201 1305 250 precibus
1332 202 1536 242 adnexum
1571 203 1786 243 referenda

434 256 494 294 sit.
510 251 694 292 Additur
713 253 1064 306 denique‚nedum
1081 253 1338 292 observantia
1353 254 1604 295 admittendi
1621 266 1785 295 extero-

436 318 527 346 rum
550 305 676 344 Filias
698 307 878 354 pluribus
896 306 1080 346 Testibus
1101 307 1451 354 comprobata:sed
1470 309 1597 348 etiam
1615 309 1786 358 exiguus

436 359 679 400 Puellarum
695 358 1017 400 Ufinianensium
1033 371 1243 402 numerus,
1260 359 1368 399 itaut
1387 361 1570 408 pluribus
1587 361 1701 401 annis
1720 361 1785 400 di-

440 413 607 451 stributa
638 424 716 451 non
732 412 773 452 fu
782 414 887 452 erint
903 412 1082 452 Subfidia
1097 414 1147 451 ob
1164 412 1446 452 deficientiam
1463 414 1703 454 Puellarum
1719 444 1729 454 .

394 465 598 508 Homines
615 478 714 504 vero
730 465 1056 505 communitatis
1073 464 1299 506 defendunt
1318 491 1330 511 ‚
1361 465 1674 506 Domiciliarias
1707 479 1789 506 non

381 576 393 623 l

441 517 742 567 compraelieiidi
772 519 841 558 sub
857 518 1125 559 Testamento
1145 543 1158 564 ‚
1199 518 1307 570 quod
1325 531 1406 557 non
1423 520 1593 559 vocavit
1621 520 1788 559 Puellas

438 570 720 610 Ufinianenses
739 596 752 615 ‚
782 571 850 610 sed
867 571 917 612 de
932 571 1072 611 Usmio
1099 587 1127 608 :
1157 575 1239 610 vna
1253 571 1398 610 Zitella
1415 574 1456 609 di
1472 573 1596 621 vfigno
1613 588 1640 608 =
1658 598 1672 618 ,
1702 574 1792 618 jux-

440 632 485 662 ta
507 622 812 663 distinc‘tionem
844 625 987 664 Bartol.
1005 629 1044 663 in
1060 625 1402 674 Leg.Pr0vinciales
1425 639 1511 673 190.
1527 625 1719 674 numumffl
1737 627 1785 663 de

441 677 675 725 vcrhfigms.
703 702 715 720 ‚
752 678 981 727 amplexam
1015 690 1036 716 a
1063 679 1159 716 Rota
1186 683 1225 716 in
1240 680 1402 729 dectss98
1413 692 1446 717 2.
1488 691 1628 724 numa.
1664 691 1783 716 coram

439 729 572 767 Molin.
593 758 601 767 .
633 728 828 776 Capitula
847 730 1025 770 aSifinio
1052 730 1238 772 conferta
1256 759 1269 778 ‚
1299 732 1507 779 disputant
1527 755 1539 774 ‚
1570 742 1649 769 non
1677 728 1785 769 effe-2

442 780 697 820 attendenda
715 795 729 821 ³·
760 783 949 832 quianon
965 782 1130 822 fuerunt
1146 785 1194 823 ab
1208 798 1256 824 eo
1272 785 1494 834 subscripta
1514 807 1526 827 ‚
1559 784 1597 823 &
1615 783 1710 833 quia
1729 781 1789 820 fa-

443 834 624 873 cultates
647 833 712 872 illi
730 836 924 874 tributaea
944 834 1155 876 Testatore
1173 838 1304 877 solum
1319 837 1592 885 respiciebant
1612 835 1785 874 modum

441 884 637 925 facieudae
652 886 944 927 distributionis
963 914 975 934 ,
1006 901 1085 927 non
1111 899 1254 930 autem
1268 890 1523 930 substantiam
1553 887 1790 928 vocationis

441 939 681 978 Puellarum
697 969 706 978 .
739 938 872 980 Immo
889 950 1033 990 putant
1054 941 1218 982 inutilia
1249 942 1412 982 reddita
1438 940 1554 981 fuilse
1584 941 1690 979 dicta
1709 939 1793 979 Ca-

443 991 575 1041 pitula
590 993 671 1038 post
685 992 973 1036 superventam
987 993 1345 1035 confirmationem
1375 988 1505 1034 Sacrae
1536 994 1657 1032 huius
1675 992 1788 1032 Con-

441 1043 692 1092 gregationis
720 1045 838 1092 super
870 1046 1038 1085 illorum
1075 1047 1206 1086 latino
1232 1057 1432 1087 contextu
1463 1072 1476 1092 ‚
1523 1060 1604 1097 quo
1632 1057 1787 1085 vocan-

443 1104 511 1135 tur
535 1095 666 1132 solum
686 1094 839 1134 Puellae
854 1098 1086 1146 originarioe
1110 1098 1247 1139 Ufinei
1276 1109 1380 1138 natae
1411 1112 1458 1139 ex
1490 1098 1757 1138 Genitoribus
1775 1123 1789 1143 ,

444 1148 514 1198 qui
530 1148 710 1194 perono
723 1159 849 1187 annos
866 1150 1208 1190 habitaverintiu
1224 1151 1369 1191 eadem
1398 1151 1557 1191 Terra3
1586 1153 1625 1191 Sc
1660 1151 1699 1189 in
1727 1151 1793 1189 di·-

443 1199 673 1249 screpantia
689 1201 901 1252 utriusque
918 1203 1075 1243 tenoris
1093 1228 1105 1248 ‚
1125 1203 1261 1254 potius
1282 1203 1527 1254 Capitulum
1543 1215 1565 1242 a
1581 1203 1666 1242 Sac.
1683 1202 1791 1242 Con·-

443 1251 683 1302 gregatione
699 1256 966 1302 approbatum
996 1257 1247 1307 sequendum
1265 1257 1344 1297 effe
1360 1265 1599 1298 autumant,
1616 1255 1678 1294 uti
1693 1267 1791 1304 prae-

443 1304 623 1345 feferens
643 1305 971 1347 declarationem
1006 1309 1186 1354 ejusdem
1207 1310 1338 1348 Sacrae
1355 1307 1698 1359 Congregationis
1728 1308 1793 1347 su-

442 1370 515 1408 per
531 1357 708 1407 genuina
728 1359 1009 1409 intelligentia
1025 1362 1153 1401 danda
1169 1362 1382 1402 vocationi
1404 1362 1643 1401 Puellarum
1674 1361 1791 1405 juxta

444 1419 629 1449 mentem
648 1410 896 1455 Testatoris,
932 1414 1285 1464 quamnonlicuit
1308 1414 1451 1453 Sifinio
1479 1412 1717 1464 pessundare
1749 1413 1790 1452 in

445 1461 589 1503 asserta
605 1461 763 1512 illc-gali
777 1464 1064 1513 Capitulorum
1084 1469 1315 1507 extensione
1332 1497 1342 1507 .

398 1515 642 1555 Praetensam
658 1517 957 1557 observantiam
973 1519 1108 1567 potius
1123 1521 1373 1559 contrariam
1389 1516 1466 1557 effe
1481 1517 1790 1574 inquiuntsquia

448 1568 587 1608 Testes
605 1580 628 1606 a
644 1567 798 1608 Puellis
820 1570 937 1620 Guge
954 1572 1110 1611 inducti
1122 1584 1382 1624 nequaquam
1397 1569 1572 1609 asserunt
1600 1571 1786 1609 admistas

398 1664 400 1667 ,
445 1618 558 1661 fuisse
576 1620 740 1661 Puellas
760 1631 916 1662 exteras
933 1648 946 1668 ‚
976 1623 1043 1663 sed
1061 1625 1185 1663 Filias
1204 1635 1466 1664 exterorum:
1498 1624 1536 1662 ἃ
1555 1624 1594 1661 iu
1611 1623 1692 1661 alia
1708 1623 1782 1661 de-

447 1673 643 1723 positione
676 1675 936 1714 declararunt
967 1702 980 1722 ‚
1017 1689 1084 1716 eas
1113 1690 1254 1716 omnes
1283 1687 1398 1716 natas
1429 1674 1543 1714 fuiffe
1584 1675 1626 1713 in
1648 1674 1787 1713 Castro

447 1723 584 1766 Ufinei
601 1754 611 1765 .
641 1725 785 1777 Atque
805 1727 877 1766 alii
894 1727 1033 1768 Testes
1049 1731 1250 1778 provectae
1263 1731 1393 1769 aetatis
1408 1728 1668 1768 adducuntur
1687 1754 1699 1772 ‚
1717 1727 1788 1778 qui

448 1778 650 1819 affirmant
674 1779 724 1818 de
742 1779 911 1819 scientia
935 1782 1126 1831 propria,
1155 1784 1193 1823 Sc
1220 1783 1271 1822 de
1304 1783 1448 1822 auditu
1476 1792 1498 1819 a
1529 1780 1758 1826 Maioribus
1776 1806 1788 1824 ,

448 1843 670 1881 numquam
686 1830 868 1871 admiffas
895 1831 1011 1874 fuiffe
1029 1836 1192 1874 Puellas
1223 1844 1339 1874 natas
1374 1844 1489 1875 extra
1505 1832 1687 1871 Castrum
1707 1831 1790 1871 Usi·-

447 1884 515 1924 nei
532 1914 542 1924 .
555 1883 718 1933 Negant
736 1884 887 1933 pariter
907 1885 947 1924 in
963 1887 1111 1927 eodem
1126 1888 1218 1926 Ioco
1234 1887 1410 1927 deficere
1429 1885 1592 1925 Puellas
1611 1885 1788 1933 origina-

447 1938 527 1976 rias
543 1950 558 1976 ,z
586 1937 680 1987 quia
695 1936 793 1976 licet
814 1946 908 1978 ante
928 1951 1079 1979 annum
1104 1954 1216 1987 1713.
1234 1939 1457 1991 aliquando
1471 1938 1681 1976 distributa
1706 1948 1788 1975 non

448 1988 603 2028 fuerint
631 1988 835 2030 Subfidias
869 1989 1019 2031 deinde
1049 2002 1189 2032 tamen
1221 1990 1445 2032 intermissa
1477 2002 1703 2040 numquam
1733 1990 1788 2028 est

448 2040 705 2081 distributim
735 2042 774 2080 δε
805 2042 950 2093 aliquae
968 2043 1189 2084 Puellaeob
1205 2046 1444 2084 concursum
1480 2043 1653 2082 aliarum
1681 2040 1788 2080 illud

452 2093 644 2144 consequi
660 2093 959 2144 nequiverunt:
975 2096 1179 2148 modoque
1197 2097 1369 2146 triginta
1388 2104 1564 2148 quatuor
1576 2106 1792 2134 numeran-

450 2155 517 2186 tur
535 2146 779 2196 qualificatae
796 2145 946 2197 Puellae
962 2149 1188 2188 Subfidium
1205 2151 1465 2197 expectantes
1483 2174 1495 2194 ‚
1515 2160 1601 2199 quae
1625 2146 1787 2202 ratione

448 2198 618 2248 originis
655 2197 909 2246 praeferenda:
947 2202 1075 2241 essent
1105 2203 1255 2242 exteris
1279 2201 1436 2241 Puellis
1465 2227 1479 2247 ‚
1523 2199 1678 2240 etiamfi
1706 2199 1786 2236 istae

450 2249 584 2290 forent
615 2251 798 2299 expresse
814 2254 1115 2301 comprehensae
1142 2255 1183 2294 in
1199 2255 1418 2294 vocatione
1432 2279 1445 2299 ,
1473 2254 1523 2292 ad
1540 2251 1690 2291 tradita
1718 2262 1789 2298 per

449 2303 648 2352 Rot.decifi
657 2316 674 2346 5
685 2316 701 2346 5
712 2315 1041 2346 5.num.20.coram
1057 2306 1515 2356 Lancett.‚adstipu1ante
1534 2302 1788 2353 potiffimum

452 2357 629 2405 longeva.
645 2356 917 2400 observantia,
934 2371 1021 2408 qua:
1038 2357 1152 2398 favet
1169 2358 1518 2408 originariis‚cum
1535 2367 1689 2411 nox-(um
1705 2366 1787 2393 nou

448 2410 495 2448 sit
515 2420 563 2447 ex
579 2420 627 2447 ea
643 2408 881 2447 subdubiam
899 2409 1141 2450 Vocationis
1158 2412 1327 2450 literam
1347 2411 1610 2459 interpretari
1628 2437 1638 2446 .

505 2460 791 2509 Dignabuntur
809 2461 949 2512 itaque
965 2462 1047 2501 EE.
1068 2463 1161 2504 VV.
1175 2462 1344 2503 definire
1362 2493 1372 2502 .

399 2513 469 2552 An
482 2513 621 2552 Puellae
646 2515 760 2552 Lucia
776 2538 790 2557 ‚
820 2513 1004 2558 &Maria
1033 2517 1140 2565 G'ug&
1172 2517 1407 2553 admittendae
1422 2515 1497 2563 sint
1511 2513 1561 2550 ad
1577 2513 1789 2562 Sabfidium

503 2565 640 2665 DJtale
662 2566 825 2607 remum
848 2581 870 2606 a
897 2568 985 2607 clar.
1022 2581 1123 2610 mem.
1172 2567 1360 2608 Cardinali
1402 2565 1531 2615 Fausto
1566 2566 1648 2604 Pola·
1665 2590 1677 2609 ‚
1707 2570 1781 2603 in.»

506 2629 545 2653 ca
563 2630 588 2654 u
606 2629 680 2659 wc.

1709 2722 1788 2761 Die
