1934 2954
492 121 652 207 {initis
668 162 912 203 Oratricum
927 190 939 209 ‚
973 165 1011 204 ὃς
1041 165 1133 204 aliis
1153 166 1278 205 tribus
1298 166 1472 206 Dotibus
1505 169 1735 208 constitutis
1752 169 1840 208 affi-

495 220 612 259 nibus
630 242 644 260 ‚
657 216 724 255 vel
741 215 900 264 Cognat
911 217 944 255 is
962 218 1081 262 hujus
1098 217 1154 264 pii
1177 218 1399 259 Testatoris
1422 221 1653 260 enunciatis
1672 221 1709 260 in
1731 223 1842 260 rela-

491 273 608 313 tione
625 267 940 315 Eminentiffimi
957 268 1207 310 Protectoris
1225 300 1235 310 .
1254 271 1342 311 Nec
1358 274 1509 312 obstare
1529 283 1671 320 puta-nt
1690 299 1702 317 ‚
1721 275 1829 324 quod

494 325 583 375 ipsoe
600 323 674 360 fint
690 333 770 359 uno
787 322 911 370 gradu
930 323 1174 362 remotiores·
1192 348 1204 365 a
1234 324 1327 374 quia
1345 325 1586 374 priei'nmpta
1604 325 1828 365 Testatoris

493 374 656 422 affestio
681 372 731 412 ad
763 375 869 413 hunc
886 373 1076 414 effestum
1104 376 1340 416 extenditur
1371 378 1419 416 ad
1438 379 1714 429 quoscumque
1746 391 1833 428 gra-

494 430 570 468 dus
588 453 601 473 ,
625 437 669 466 ut
686 424 873 465 definivit
900 428 985 466 haec
1008 428 1129 466 Sacra
1153 428 1431 478 Congregatio
1462 434 1500 468 in
1517 429 1690 468 Firmano
1708 432 1832 480 Subst-

494 484 634 520 diorum
648 478 837 519 Dotalium
857 494 896 526 9.
908 481 1129 530 Septembris
1147 495 1190 527 17
1198 494 1260 523 30.
1277 482 1409 520 lib.80.
1427 484 1575 520 Decret.
1594 487 1744 533 pagina
1750 496 1768 525 3
1779 497 1830 527 3.‚

497 537 538 572 iu
555 533 715 571 Romana
728 533 978 582 Subfidiorum
996 534 1186 570 Dotalium
1202 540 1234 572 8.
1255 534 1356 583 Julii
1377 548 1418 580 17
1428 547 1444 578 5
1456 549 1488 573 2.
1503 536 1565 573 lib.
1576 549 1662 574 ιο).
1679 537 1830 574 Βεενεῐ.

491 597 670 638 pag.254.
689 609 702 629 ‚
729 586 768 625 &
781 594 897 624 tenet
923 585 1052 624 etiam
1067 585 1164 624 Rota
1185 589 1226 623 in
1244 588 1414 636 Perusina
1442 588 1602 636 Subfidii
1632 589 1780 627 Dotalis
1799 601 1835 628 2.

503 636 606 692 Maji
626 651 739 686 1704.
757 639 793 687 ξ.
811 639 854 675 In
871 651 978 686 quara
993 651 1107 676 coram
1121 639 1316 678 clanmem.
1331 641 1438 678 Carti.
1452 643 1572 677 Scotto
1583 668 1594 678 .

447 691 635 741 Denique
650 690 760 730 circa
777 690 1053 741 quantitatem
1080 691 1254 740 petitam
1278 693 1485 731 scutorum
1503 705 1616 730 2000'.
1647 703 1720 741 pro
1735 704 1834 742 qua-

498 745 602 784 libet
615 742 921 793 ponderandum
941 753 1171 793 proponunt
1190 770 1203 790 ,
1231 744 1383 784 nedum
1396 745 1652 793 opulentiam
1669 744 1742 791 pia:
1758 750 1835 784 hae-

497 796 688 836 reditatis
709 822 718 841 ‚
745 807 866 846 quam
879 793 1052 836 afferunt
1070 795 1242 836 reddere
1256 809 1386 836 annua
1405 798 1518 836 scuta
1538 811 1650 835 1200.
1669 808 1679 834 :
1707 797 1746 836 Sc
1759 809 1834 846 ge-

497 860 572 888 nus
598 847 780 887 Familiae
809 849 978 897 propriae
998 873 1011 892 ‚
1038 861 1162 900 quam
1192 847 1375 888 Testator
1405 850 1443 889 in
1478 850 1546 888 suo
1577 848 1839 888 Testamento

499 900 691 950 supponit
707 899 1026 951 antiquiflimam
1041 926 1054 945 ‚
1085 902 1123 941 3<
1152 913 1223 950 per
1239 906 1329 943 360.
1353 914 1476 941 annos
1507 911 1601 941 ante
1619 901 1836 940 conditum

497 952 807 993 Testamentum
847 952 1061 1003 vigentem
1107 954 1147 992 in
1176 954 1306 993 Terra
1338 955 1457 994 Arcis
1492 954 1685 1005 Antiquae
1712 967 1726 994 ‚·
1766 951 1835 992 sed

495 1005 627 1046 etiam
654 1005 859 1054 propriam
884 1006 1167 1044 conditionem
1184 1030 1196 1048 ‚
1237 1018 1363 1055 quum
1390 1016 1490 1045 nata.-
1523 1005 1764 1045 fint'Romae
1787 1017 1835 1045 ex

495 1058 660 1097 honesto
687 1056 912 1095 Causarum
941 1057 1119 1097 Patrono
1135 1082 1147 1101 ‚
1177 1060 1421 1108 honesteque
1453 1059 1594 1097 vivant
1620 1059 1735 1103 juxta
1763 1057 1836 1096 de·

495 1108 678 1149 centiam
701 1108 849 1157 gradu—s
873 1121 884 1147 z
912 1110 951 1148 ὃς
968 1111 1202 1158 exemplum
1224 1109 1399 1158 denique
1429 1123 1567 1150 earum
1583 1110 1735 1149 Amitae
1751 1108 1837 1148 Lu-

497 1160 638 1201 cretiae
655 1184 668 1204 ‚
699 1172 772 1209 pro
800 1162 914 1206 cujus
932 1161 1205 1202 Matrimonio
1236 1161 1277 1199 in
1293 1161 1446 1200 Sabinis
1474 1162 1754 1202 contrahendo
1765 1162 1837 1202 Vi·-

496 1213 634 1254 carius
649 1211 867 1253 Generalis
887 1214 1034 1254 retulit
1049 1211 1313 1254 necessariam
1330 1213 1405 1253 effe
1420 1213 1574 1253 Dotem
1589 1212 1834 1254 scut.1200.5

497 1267 605 1307 itaut
634 1264 836 1305 exceffiva
861 1266 1035 1306 dicenda
1062 1279 1139 1306 non
1171 1267 1218 1305 fit
1251 1267 1458 1317 quantitas
1488 1267 1698 1305 scutorum
1717 1281 1830 1306 2000.

497 1324 571 1368 pro
596 1329 740 1358 earum
763 1319 945 1368 qualibet
962 1343 974 1363 ‚
1005 1322 1128 1369 quum
1144 1319 1280 1357 Romae
1304 1327 1638 1362 commorentur,
1661 1319 1834 1370 ibique)

496 1378 683 1418 nupturae
701 1371 779 1410 sint
795 1393 809 1414 ‚
834 1384 909 1411 nec
924 1373 1098 1412 habeant
1116 1372 1271 1412 Amitae
1288 1371 1545 1421 elegantiam
1561 1398 1574 1418 ‚
1593 1373 1631 1412 δι’
1646 1371 1836 1410 floridam

501 1431 670 1463 aetatem
688 1451 698 1461 .

444 1478 603 1519 Verum
629 1474 980 1516 Eminentiffimus
1005 1477 1219 1518 Protet‘ior
1253 1474 1740 1516 Archiconfraternitatis
1768 1487 1837 1513 ro-

493 1536 612 1580 gatus
625 1526 676 1567 de
693 1539 807 1568 more
828 1528 991 1569 Sacram
1005 1529 1378 1580 Congregationem
1397 1528 1625 1567 instructam
1645 1527 1834 1571 reddere,

472 1603 478 1611 ·
496 1583 537 1622 &
553 1580 715 1621 Votum
729 1579 845 1620 suum
860 1583 1017 1632 aperire
1034 1608 1047 1628 ,
1076 1583 1223 1623 retulit
1236 1581 1391 1622 fruetus
1409 1580 1661 1620 haereditatis
1676 1581 1834 1621 Valen-

494 1634 593 1674 tinae
611 1633 678 1673 vix
691 1633 903 1683 attingere
918 1648 1049 1675 annua
1064 1636 1177 1675 scuta
1193 1641 1285 1676 800.
1312 1633 1484 1674 circiter
1500 1658 1514 1677 ‚
1541 1634 1579 1673 Sc
1597 1634 1832 1681 Deputatos

496 1684 791 1729 Archiconfrat
799 1687 988 1728 ernitati's
1006 1688 1193 1736 excipere
1207 1713 1221 1733 ‚
1240 1686 1346 1738 quod
1360 1687 1387 1725 fi
1403 1685 1643 1725 Oratricum
1659 1685 1830 1729 Amine,

494 1750 567 1789 per
582 1737 737 1778 lineam
762 1740 1006 1788 agnatitiam
1019 1740 1333 1781 transversalem
1350 1750 1443 1778 cum
1460 1737 1673 1778 Testatore
1688 1738 1729 1777 in
1746 1738 1833 1777 sex-

496 1799 541 1831 to
556 1789 683 1841 gradu
699 1792 922 1841 conjuneiae
939 1808 954 1837 ·‚
969 1795 1126 1840 majora
1139 1806 1218 1833 non
1235 1794 1459 1833 habuerunt
1479 1790 1679 1835 Subfidia,
1712 1791 1833 1840 quam

495 1843 730 1892 scut.400.‚
759 1845 799 1884 &
831 1856 918 1889 500.
937 1870 951 1890 ‚
993 1846 1144 1886 minori
1170 1843 1426 1895 indulgentia
1451 1842 1758 1891 procedendum
1783 1843 1833 1882 fit

493 1907 589 1936 cum
607 1896 672 1935 his
687 1921 700 1940 ‚
727 1909 813 1948 quae
841 1898 1189 1939 altero'ulteriori
1204 1898 1328 1948 gradu
1362 1909 1433 1945 per
1449 1894 1636 1936 camdem
1654 1895 1834 1934 lineam

494 1947 748 1988 aTestatore
773 1949 916 1990 distant
932 1964 948 1992 ,-
976 1961 1049 1998 pro
1077 1963 1125 1990 ea
1139 1963 1238 1990 vero
1261 1950 1418 1989 summa
1434 1974 1446 1993 ,
1478 1960 1601 1999 quam
1629 1946 1709 1986 EE.
1737 1946 1832 1987 VV.

494 1999 955 2048 arbitrabuntur,censet
970 2002 1293 2043 demandandam
1309 2001 1385 2041 effe
1399 2001 1666 2040 subministrat
1673 1999 1835 2039 ionem-a

496 2051 550 2093 ad
564 2063 717 2092 annuas
734 2063 842 2094 rat-as
855 2080 870 2101 ‚
885 2056 923 2096 St
939 2055 981 2094 in
993 2055 1173 2104 pluribus
1189 2055 1346 2094 vicibus
1368 2079 1382 2099 ,
1399 2065 1450 2092 ne
1467 2053 1637 2092 interim
1653 2078 1666 2097 ‚
1684 2064 1766 2102 quo
1783 2063 1832 2092 ex

491 2104 731 2156 praesumpta
759 2107 951 2158 aequitate
978 2107 1229 2148 succurritur
1242 2105 1744 2152 Coniunctis-Testatori&
1762 2115 1833 2144 ex-

495 2157 664 2207 poliatae
680 2159 838 2207 prorsus
867 2170 1108 2201 remaneant
1125 2158 1312 2205 Subfidiis
1338 2158 1427 2198 alia:
1442 2168 1638 2209 pauperes
1650 2156 1803 2197 Puenae
1819 2183 1831 2196 .

552 2207 839 2259 Dignabuntur
863 2212 1005 2263 itaque
1018 2213 1098 2253 EE.
1115 2212 1209 2255 VV.
1225 2211 1392 2252 definire
1408 2239 1419 2250 .

445 2259 518 2302 An
529 2281 547 2306 φ
576 2263 622 2308 ὀ·
633 2262 675 2302 in
689 2275 761 2314 qua
772 2263 918 2313 summa
933 2267 1134 2307 debeantur
1145 2266 1315 2316 Substdia
1330 2262 1485 2304 Dotalia
1500 2285 1515 2309 ,
1529 2264 1571 2301 in
1589 2259 1672 2311 casu
1689 2262 1766 2307 dyc.

1913 1712 1925 2043 θ
