1934 2954
40 181 347 223 Ponderandum
365 177 523 225 insuper
540 177 592 217 est
606 201 617 222 ‚
646 177 752 228 quod
770 189 908 226 preces
925 190 992 236 pro
1012 182 1294 229 prorogatione
1311 147 1416 226 ab&

91 237 232 277 oblatas
246 232 407 271 fuerunt
423 238 645 279 antequam
672 230 876 270 laberetur
894 234 1242 282 quinquenniurm
1273 238 1414 284 quum-

94 300 172 340 que
191 284 392 335 pendente
413 282 574 320 recursu
591 282 638 319 ad
655 281 951 321 Sanstiffimum
971 306 982 326 ‚
1014 285 1051 323 Sc
1071 285 1118 323 ad
1138 287 1236 323 hanc
1254 285 1412 326 Sacram

92 334 462 387 Congregationem
503 342 686 381 tempora
717 346 794 372 non
824 333 1040 374 decurrisse
1059 336 1274 376 videantur
1290 361 1302 381 ‚
1319 351 1415 377 con—

93 389 209 432 tendi
227 385 488 435 probabiliter
515 384 667 434 poterit
683 412 696 430 ‚
711 397 788 424 non
805 385 920 425 fuisse
937 386 1064 426 adhuc
1085 389 1337 429 verificatum
1354 404 1416 429 ca—

92 445 180 484 sum
208 438 444 479 reversionis
476 438 721 476 controversi
750 436 917 479 Subsidii
947 464 960 483 ‚
989 439 1201 491 minusque
1229 442 1343 490 super
1366 455 1415 482 co

98 494 298 547 quaesitum
315 492 375 536 jus
391 487 504 528 fuisse
536 489 718 528 Patribus
737 489 1018 530 Dominicanis
1034 522 1043 530 .

46 547 125 591 His
141 547 277 595 itaque
290 542 486 591 perpensis
501 565 513 585 ‚
530 541 798 588 dignabuntur
811 542 887 581 EE.
909 542 999 582 VV.
1018 542 1185 583 definire

49 603 118 643 An
141 597 346 647 Subsidium
362 593 496 634 Dotale
522 593 691 631 collatum
720 594 857 632 Puellae
868 596 1068 636 Mart-hetti
1094 597 1344 645 applicandum
1365 598 1415 645 fit

154 651 354 691 Conventa}
366 649 400 685 S
398 648 595 686 Dominae·
607 647 780 688 Civitatis
795 645 989 695 Camerini
1005 673 1018 692 ,
1036 651 1074 684 in
1089 649 1173 696 casu
1187 653 1260 694 σέγε.

152 805 358 855 Negative
374 818 389 846 ,ς
417 810 633 853 prorogato
650 803 827 842 termino
854 805 905 843 ad
919 805 1126 845 biennium
1142 806 1294 847 Pueuae
1309 804 1415 849 Mar-

204 856 335 900 chctti
352 856 402 897 ad
417 854 692 899 assumendum
707 855 890 900 habitum
905 886 914 895 0

121 1069 317 1109 INNEN.
347 1067 767 1109 CANONICATUS
798 1067 1206 1110 THEOLOGALIS
1225 1099 1236 1110 .
1290 1069 1420 1112 Unius
1451 1085 1543 1135 ὂψ,
1563 1095 1595 1128 5⁸
1611 1095 1726 1135 capa.

141 1121 431 1162 Concurrentis
447 1121 707 1169 approbatio,
737 1132 820 1170 quae
846 1121 952 1159 facia
970 1123 1023 1161 est
1055 1123 1101 1161 ab
1127 1122 1423 1163 Examinatori-
1453 1141 1497 1178 de
1523 1139 1678 1187 Reform·

97 1176 166 1214 bus
186 1175 224 1212 in
236 1174 440 1213 Concursu
457 1171 594 1210 habito
625 1172 672 1210 ad
689 1172 947 1212 Praebendam
960 1172 1258 1224 Theologalem
1275 1175 1421 1215 Eccle—

96 1228 155 1264 fiae
173 1225 430 1265 Cathedralis
449 1224 649 1264 Pinnenfis
665 1233 849 1262 vacatam
872 1225 912 1262 in
927 1226 1063 1265 mense
1078 1226 1277 1265 Decemb.
1289 1233 1422 1275 1758.‚

95 1277 186 1317 litis
213 1277 428 1316 materiem
445 1275 615 1324 pra-buit
638 1275 762 1313 alteri
781 1274 1018 1324 Oppofitori
1040 1279 1192 1323 rejecto
1207 1304 1219 1323 ‚
1250 1280 1319 1329 qui
1348 1281 1420 1318 in-‚

98 1329 430 1378 Congregatione
459 1326 598 1365 habita
620 1325 688 1365 die
721 1340 784 1364 20.
812 1326 1057 1376 Septembris
1086 1329 1302 1378 superioris
1331 1331 1424 1370 anni

95 1381 274 1419 Dubium
291 1379 496 1429 proposuit
524 1395 551 1414 ,τ
579 1381 649 1417 An
659 1379 786 1428 constet
810 1379 854 1415 de
869 1379 964 1417 mala
983 1381 1156 1418 relatione
1186 1381 1424 1420 Examinato-

93 1446 174 1471 rum
198 1456 210 1476 ‚
240 1435 341 1477 &de
352 1431 597 1470 irrationabili
603 1430 748 1480 judicio
774 1430 967 1480 Episcopi,
997 1435 1096 1472 itaut
1123 1435 1318 1483 reprobatio
1347 1436 1424 1473 Sa-

92 1486 247 1523 cerdotis
271 1487 316 1523 de
331 1484 474 1522 Sant'lis
496 1484 816 1532 vnonsmbstineatur
831 1483 852 1520 ἓ
881 1499 908 1520 :
937 1484 1005 1523 sed
1036 1486 1157 1534 plene
1181 1486 1393 1526 succubuit
1407 1512 1422 1531 ‚

92 1535 206 1576 edito
219 1537 418 1585 rescripto
443 1550 469 1572 =
496 1538 690 1584 [Vegative
714 1540 753 1573 in
778 1538 935 1573 omnibus
951 1563 963 1582 ‚
991 1539 1033 1581 &⁴
1050 1537 1201 1587 amplius
1229 1555 1256 1575 =
1279 1568 1289 1577 .
1321 1538 1418 1578 Inde

93 1588 223 1627 etiam
241 1588 443 1628 hodiernae
466 1588 690 1639 quaestionis
706 1589 956 1628 occasionem
973 1589 1134 1638 sumpsit
1153 1589 1422 1639 Capitulum.»

92 1641 272 1686 ejusdem
287 1640 547 1681 Cathedralis
565 1640 750 1680 Ecclefiae
769 1666 780 1685 ,
813 1641 919 1691 quod
936 1642 1087 1681 nedum
1104 1640 1239 1682 afferit
1251 1670 1262 1689 ‚
1276 1642 1343 1680 fibi
1355 1644 1418 1688 jus

93 1690 170 1732 effe
186 1691 424 1732 conferendi
440 1693 675 1732 Praebendas
695 1692 969 1733 Canonieales
985 1704 1179 1733 vacantes
1208 1693 1246 1733 in
1273 1695 1418 1734 menfi-

91 1745 160 1784 bus
189 1745 421 1785 Ordinariis
439 1771 450 1790 ,
479 1754 523 1784 ut
553 1744 713 1793 probari
741 1754 929 1784 autumat
971 1758 1019 1785 ex
1045 1745 1289 1786 confeffione
1318 1746 1415 1795 Epi-

90 1797 229 1846 scopi,
260 1798 281 1836 a
299 1811 377 1848 quo
393 1798 661 1837 certioratum
675 1795 756 1836 fuit
781 1798 831 1837 de
850 1798 1017 1847 sequuta
1043 1798 1223 1847 praedirfti
1239 1797 1417 1837 Concur-

90 1849 218 1888 rentis
232 1851 523 1898 approbatione
540 1876 552 1895 ‚
582 1860 623 1887 ut
639 1851 688 1887 ad
702 1849 925 1888 collationem
951 1852 1040 1888 dit-32·
1055 1853 1289 1889 Canonicatus
1306 1851 1417 1888 Theo-

89 1901 215 1949 logalis
228 1910 413 1951 opportune
428 1905 616 1941 deveniret
629 1916 644 1943 ,-
675 1901 740 1941 sed
758 1901 916 1952 insuper
929 1904 1145 1942 contendit
1158 1905 1220 1949 jus
1238 1903 1416 1943 habere>

88 1952 304 1992 Personam
318 1954 385 1993 fibi
402 1955 630 1994 benevisam
651 1954 829 2003 eligendi
851 1955 899 1994 ad
917 1955 1077 1996 easdem
1095 1963 1288 1994 vacantes
1307 1953 1414 1992 Prae-

87 2004 236 2043 bendas
255 2031 267 2051 ‚
283 2007 320 2045 &
337 2006 375 2046 in
395 2007 506 2046 illius
522 2006 803 2055 praejudicium
820 2005 1038 2057 nequivisse
1051 2008 1099 2044 ab
1115 2004 1413 2044 Examinatori-

83 2058 158 2096 bus
176 2082 188 2101 ‚
204 2057 283 2096 five
301 2059 347 2096 ab
363 2058 560 2107 Episcopo
574 2070 698 2097 unum
712 2058 923 2106 approbari
943 2057 983 2095 iu
1000 2057 1191 2106 praedic‘to
1201 2056 1408 2095 Concursu

86 2107 225 2148 habito
258 2109 305 2147 ad
325 2109 582 2148 Praebendam
599 2108 900 2158 Theologalem
917 2138 927 2148 .

33 2160 253 2211 Episcopus
270 2168 411 2200 autem
425 2169 567 2199 contra
581 2159 735 2201 disserit
751 2186 762 2205 ,
792 2160 1119 2199 Canonicatuum
1139 2160 1414 2200 collationem

81 2212 235 2258 dejure
263 2212 312 2252 ad
330 2212 459 2263 ipsum
479 2213 656 2261 spectare
672 2240 685 2259 ,
715 2225 762 2253 ex
771 2213 923 2258 juribus
941 2212 1128 2252 colleffis
1158 2225 1229 2261 per
1243 2212 1412 2250 Marant.

85 2264 234 2314 responsi
238 2279 275 2312 9.
287 2275 424 2315 part.4.
442 2279 580 2304 numa.
601 2268 644 2310 ᾤ’
662 2280 694 2304 2.
714 2291 728 2310 ‚
758 2267 801 2309 ὠ·
814 2266 899 2304 Rot.
917 2278 1034 2303 coram
1050 2267 1186 2304 Coccin.
1203 2264 1410 2313 decis.385.

81 2329 222 2357 numa.
241 2343 255 2362 ‚
279 2329 353 2356 nec
369 2317 474 2366 poffe
502 2329 525 2355 a
539 2317 733 2363 Capitulo
748 2317 949 2357 vindicari
978 2318 1042 2363 jus
1057 2315 1294 2357 conferendi
1309 2340 1323 2360 ,
1340 2314 1410 2354 nifi

79 2370 274 2419 probetur
296 2370 445 2409 titulus
473 2369 658 2418 specialis
689 2369 895 2419 privilegii
915 2394 927 2414 ‚
962 2369 1029 2408 vel
1060 2366 1366 2408 consuetudinis
1399 2397 1408 2405 .

79 2421 338 2461 Elec‘tionem
353 2423 453 2461 vero
470 2421 701 2468 specialiter
719 2421 787 2461 fibi
800 2421 992 2460 attribuit
1007 2420 1137 2470 quoad
1152 2419 1409 2459 praebendam

80 2471 394 2523 Theologalem:
412 2473 959 2524 licitamque‚putat,nedum
977 2471 1090 2511 fuine
1108 2469 1408 2511 uniusConcur-

80 2525 205 2564 tentis
219 2525 551 2575 approbationem
563 2551 576 2571 ,
607 2526 701 2565 dum
718 2537 817 2565 unus
829 2532 1015 2574 repertus
1032 2525 1086 2562 est
1113 2523 1280 2562 idoneus
1296 2546 1309 2566 ‚
1338 2521 1408 2560 sed

83 2575 208 2615 etiam
239 2577 359 2619 'inter
388 2577 524 2628 plures
564 2579 802 2627 approbatos
830 2577 1078 2616 elefflonem
1108 2574 1315 2624 Dignioris
1355 2572 1406 2612 ad

78 2626 209 2675 ipsum
222 2630 399 2678 spectare
414 2656 427 2676 ‚
459 2642 504 2669 ex
519 2638 660 2670 mente
678 2629 789 2669 Sacri
806 2626 985 2668 Concilii
1001 2626 1237 2668 Tridentini
1259 2626 1345 2676 sess.
1367 2637 1403 2668 5.

78 2688 156 2732 vap,
179 2694 208 2720 1.
240 2683 286 2722 de
307 2683 506 2733 Refhrmat.
538 2708 553 2728 ‚
581 2683 619 2724 &c
644 2679 1079 2772 vigorZBenedit‘tinae
1096 2677 1406 2767 ConstitutioIn-is

85 2744 94 2752 .
203 2762 205 2764 Ι
1369 2740 1408 2765 5,
