1934 2954
1338 160 1356 185 2
1367 160 1380 184 1
1393 160 1407 184 1

75 202 150 242 rali
180 200 218 239 in
235 196 447 239 Medicina
482 195 718 245 insignitum
748 192 823 234 effe
852 206 861 233 τ
883 193 1129 235 confessarii
1160 208 1307 236 munus
1338 211 1411 247 pro

70 265 247 304 utroque
262 253 355 291 sexu
382 246 521 288 'obiisse
538 249 585 291 ab
603 261 709 287 anno
728 260 841 296 1734.
875 247 999 297 usque
1027 248 1076 286 ad
1108 257 1269 297 tempus
1301 250 1411 288 Con-

74 306 208 346 cursus
226 317 235 343 :
265 301 449 343 Servitio
467 300 652 339 vacantis
668 300 853 340 Ecclefiae
872 298 986 339 fuiffe
1008 299 1218 339 addictum
1246 301 1285 339 in
1304 300 1413 339 Offi-

71 359 138 398 e'io
154 355 345 396 Cantoris
375 356 422 394 ab
435 366 539 393 anno
562 358 706 400 ¹750(ss
739 351 779 390 in
797 364 845 390 ea
859 351 1009 391 Curam
1027 352 1273 393 Animarum
1300 364 1412 392 exer·-

69 407 192 450 cuiffe
210 409 257 447 ab
276 420 380 448 anno
413 419 528 454 1751.
557 405 607 445 ad
624 416 774 444 annum
793 409 907 451 1756.
928 431 941 450 ‚
971 405 1010 444 Sc
1037 405 1169 444 rursus
1200 407 1282 455 post
1311 405 1415 444 ulti·

69 473 181 502 mam
194 459 457 500 vacationem
473 458 513 497 in
528 469 698 497 munere
719 455 937 497 AEconomi
954 456 1098 496 Curati
1116 469 1125 496 t
1147 457 1415 498 commenda-

72 523 160 553 tum
180 510 293 552 fuisse
308 513 355 550 ab
374 510 597 551 Ordinatio
628 509 760 559 quoad
777 509 871 548 vitae
889 535 902 554 ‚
934 509 972 550 8<
987 521 1148 548 morum
1164 510 1414 559 probitatem

74 578 179 606 anno
202 577 343 613 1751.‚
370 563 598 613 eodemque
613 573 719 600 anno
736 562 984 611 deputatum
1004 562 1044 600 in
1058 562 1271 604 Vicarium
1292 562 1417 601 Fora-

71 630 197 658 neum
215 617 352 657 Terrae
370 614 639 655 S.Dominicae
654 626 662 652 :
680 625 728 652 ac
747 614 914 653 demum
933 615 973 653 in
987 613 1218 659 Parochum
1231 614 1368 666 optari
1391 615 1416 654 ἑ

74 669 176 710 Loci
189 669 484 713 Univerfitate,
500 665 687 712 Civibus,
704 667 743 706 0&
761 666 884 706 Clero
907 696 918 709 .

21 721 177 765 Contra
195 735 293 762 vero
306 722 490 772 Angelus
505 718 741 769 Lamboglia
759 744 771 764 ,
800 720 914 765 juxta
930 720 1178 760 documenta
1197 733 1268 771 per
1286 719 1417 768 ipsum

74 776 255 816 exhibita
269 799 283 820 ‚
314 783 478 813 aetatem
498 773 618 810 habet
638 771 908 821 quadraginta
925 785 1124 812 annorum
1142 771 1417 812 :facultatem

74 826 270 868 audiendi
289 825 499 876 utriusque
515 825 627 864 sexus
647 821 926 864 Confeffiones
945 826 1128 864 obtinuit
1146 838 1255 864 anno
1276 836 1387 872 1753.
1403 834 1418 861 ε

72 881 316 930 approbatus
332 878 411 918 fuit
427 877 602 917 secundo
616 877 710 916 loco
727 876 766 916 in
787 877 870 917 alio
891 877 1100 917 Concursu
1119 879 1210 923 hjus
1227 876 1415 916 Ecclefiae
1454 906 1458 910 .

71 932 325 973 Parochialis
352 931 515 980 peracto
533 941 637 968 anno
656 941 795 978 1754.³
822 930 861 970 Sc
880 929 920 968 in
936 929 1165 975 Parochum
1194 936 1364 984 optatur
1392 928 1416 967 ἆ

72 985 240 1024 Civibus
257 983 590 1033 particularibus,
611 983 650 1022 &
668 981 792 1021 Clero
809 1011 819 1023 .

23 1039 166 1090 Qu'im
185 1038 326 1088 itaque
343 1035 576 1075 Franciscus
589 1032 786 1080 Grisolia‚
803 1036 957 1081 majora
971 1036 1136 1076 censeat
1151 1037 1314 1076 suorum
1325 1044 1415 1071 me-

73 1090 252 1130 ritorum
267 1088 459 1141 requifita
475 1113 487 1132 ‚
521 1086 616 1125 rdet)
645 1087 863 1126 contendit
878 1112 891 1132 ‚
922 1089 1074 1127 merito
1104 1089 1172 1127 fibi
1207 1087 1415 1127 debitam-2

73 1140 191 1188 fuiffe
227 1140 558 1190 praeelectionem
571 1152 586 1178 2·
615 1136 708 1188 quia
724 1139 764 1177 in
780 1138 1061 1190 affequutione
1078 1139 1414 1179 Parochialium,

75 1195 113 1235 is
128 1192 404 1243 praeferendus
421 1193 490 1236 est,
503 1200 714 1240 tamquam
734 1190 862 1240 magis
882 1190 1142 1243 idoneus‚qui
1159 1194 1275 1232 suum
1291 1190 1415 1229 Com·-

76 1245 306 1297 petitorem
322 1243 521 1295 praecellit
541 1243 690 1282 nedum
706 1243 875 1282 scientia
888 1267 901 1286 ‚
929 1243 996 1283 sed
1012 1243 1140 1283 etiam
1157 1253 1279 1285 aetate
1292 1267 1305 1287 ‚
1323 1255 1415 1282 mo-

77 1298 190 1338 ribus
203 1323 216 1344 ,
231 1297 450 1347 prudentia
464 1323 478 1343 ‚
510 1297 547 1336 &
565 1295 657 1333 aliis
677 1296 791 1334 rebus
809 1296 859 1334 ad
876 1295 1096 1334 Ecclessam
1109 1296 1413 1346 gubernandam

76 1349 322 1400 opportunis
336 1375 350 1395 ,
381 1358 428 1389 ut
445 1347 646 1387 sancitum
663 1349 716 1386 est
747 1359 768 1386 a
796 1348 918 1386 Sacro
935 1346 1127 1387 Concilio
1163 1347 1414 1387 Tridentino

69 1402 160 1453 fifi-
181 1415 246 1450 24.
261 1410 334 1451 cap.
357 1407 417 1440 18.
447 1402 492 1438 de
506 1399 708 1447 Reformat.
728 1424 741 1444 ‚
772 1400 810 1438 ὃς
836 1399 875 1437 in
895 1398 1083 1447 praedicta
1113 1399 1415 1439 Constitutione

79 1456 173 1494 Cum
183 1454 280 1496 illud
294 1463 332 1498 5.
350 1453 533 1492 Merentes
549 1452 758 1493 sammem.
779 1450 988 1490 Benediffl
1008 1450 1123 1492 XIV.
1138 1466 1153 1492 ,-
1182 1453 1249 1503 vel
1264 1452 1416 1494 saltem

75 1514 200 1558 putat
214 1532 226 1552 ‚
256 1505 496 1556 respuendas
513 1502 589 1544 esse
607 1505 796 1554 querelas
822 1503 976 1551 Angeli
995 1503 1235 1554 Lamboglia
1251 1528 1266 1549 ‚
1285 1504 1412 1556 quian·

77 1570 159 1600 non
173 1558 322 1604 docet,
346 1566 462 1598 tanta
478 1555 606 1605 ipsum
621 1556 803 1604 praestare
819 1555 1012 1595 dofflinae
1027 1581 1041 1602 ‚
1071 1557 1110 1597 Sc
1139 1557 1416 1597 meritorum

75 1611 347 1661 praerogativa
367 1636 380 1655 ,
408 1618 457 1648 ut
485 1608 732 1657 posthabitus
761 1607 953 1647 videatur
981 1620 1077 1648 cum
1102 1609 1313 1649 manifesto
1332 1635 1345 1656 ‚
1374 1610 1414 1649 δε

79 1662 345 1703 inexcusabili
363 1659 515 1701 excessu
533 1687 546 1706 ,
580 1660 710 1711 qualis
729 1660 952 1709 requiritur
981 1660 1030 1700 ad
1050 1661 1417 1709 irritandumjudi-

82 1715 196 1754 cium
211 1714 424 1754 Ordinarii
443 1739 454 1758 ,
478 1721 524 1751 ut
552 1724 598 1752 ex
615 1721 757 1752 mente
790 1711 902 1752 Sacri
930 1712 1113 1753 Concilii
1145 1713 1385 1755 Tridentini
1402 1738 1419 1759 ,

84 1767 126 1806 &
152 1766 467 1806 constitutionis
493 1767 535 1803 In
562 1766 784 1813 conferendis
819 1777 881 1808 33.
907 1764 1042 1804 Sancti
1057 1765 1118 1805 Pii
1135 1768 1192 1812 V,
1208 1790 1222 1811 ‚
1252 1766 1422 1806 tradunt

81 1816 249 1867 Pugnan,
262 1822 300 1856 in
312 1828 386 1868 cap.
403 1831 479 1855 eam
496 1827 531 1855 te
543 1830 578 1855 n.
601 1831 615 1855 1
625 1822 658 1856 8.
677 1818 723 1854 de
737 1827 859 1862 catate,
874 1819 919 1864 &¹
933 1817 1078 1869 qualit„
1094 1821 1139 1868 ῤ’
1149 1821 1235 1857 Rot.
1246 1820 1321 1870 post
1331 1820 1420 1857 Mo-

86 1870 216 1909 mcell.
233 1869 470 1920 tom.4‚decis.
482 1874 655 1909 t.7zura.6.
673 1872 717 1912 &⁶
736 1884 748 1907 ι
760 1873 797 1910 8.,

34 1921 327 1965 Definiendum
343 1921 498 1961 idcirco
510 1921 589 1960 erit
604 1921 653 1959 ab
667 1921 846 1961 BENV.

102 1974 176 2013 An
191 1975 318 2023 constet
333 1976 377 2012 de
391 1974 633 2011 irrationabili
639 1970 789 2023 judicio
803 1973 970 2025 Eptfiopi
984 2000 996 2022 ‚
1003 1975 1084 2029 five
1099 1974 1146 2016 de
1157 1973 1254 2015 mala
1269 1973 1419 2015 relatio,-

193 2039 238 2064 ne
248 2029 547 2066 Examinatorum
564 2049 578 2070 ‚
595 2028 633 2064 in
649 2025 733 2074 casu
747 2027 822 2076 &a

248 2182 456 2236 Negative
471 2210 484 2226 .

1320 2289 1411 2314 ''21

142 2391 361 2438 OMANA
392 2393 779 2441 SUBSIDIORUM
810 2396 1128 2440 DOTALIUM
1142 2427 1154 2439 .
1186 2395 1420 2450 Testamend

91 2502 94 2505 Ι
155 2455 224 2494 to,
255 2449 362 2507 quod
379 2450 517 2490 Romae
534 2454 722 2493 condidit
736 2453 803 2494 die
824 2467 882 2492 12.
899 2452 1007 2502 Junii
1031 2457 1165 2500 1708·‚
1184 2451 1335 2501 Gaspar
1348 2450 1422 2492 Pe·

93 2507 158 2535 res
169 2498 396 2556 Vergueiro
410 2505 614 2545 haeredem
644 2518 691 2546 ex
708 2503 786 2544 asse
804 2505 978 2544 instituit
1006 2504 1290 2544 Marchionem
1314 2504 1423 2546 Vin-

94 2556 277 2611 centnm}
295 2553 443 2595 Nunez
463 2556 638 2599 Sanches
654 2582 667 2602 ‚
697 2558 813 2604 cujus
828 2556 1049 2598 deficiente
1070 2557 1180 2597 linea
1196 2556 1421 2598 masculina

94 2598 294 2659 substituit
323 2606 555 2648 Antonium
571 2634 584 2654 ,
613 2611 652 2651 &
669 2609 940 2651 Dominicum
953 2608 1058 2648 filios
1075 2608 1279 2661 quondam
1298 2610 1422 2650 Fran-

95 2651 194 2691 cisci
210 2654 380 2717 Nunez?
414 2660 664 2713 illorumque
680 2662 860 2702 posteros
891 2662 933 2701 in
965 2661 1169 2701 infinitum
1187 2692 1197 2702 .
1228 2661 1423 2702 Nonnul-

89 2702 134 2744 la
159 2713 286 2748 etiam
298 2711 473 2764 reliquit
498 2714 638 2767 legata
666 2717 756 2759 tum
768 2714 986 2809 gramme,
1020 2714 1295 2758 &Dominico
1317 2727 1422 2807 pr}-

878 2780 899 2806 2
1388 2779 1424 2808 1«.

1458 2429 1553 2482 Sess.
1562 2443 1580 2470 2
1587 2432 1749 2481 2.cap.6.·

1461 2486 1507 2526 de
1517 2484 1682 2535 Reform.
