1934 2954
1360 203 1374 226 1

101 247 276 280 venturo
306 247 374 279 aut
392 238 641 279 Monasterio
659 264 672 284 ‚
703 246 773 280 aut
787 236 985 290 Cognatis
1015 234 1168 277 exteris
1184 259 1196 279 ‚
1223 237 1260 276 &c
1282 202 1431 288 paup}3

108 294 216 332 ribus
235 291 392 331 Puellis
423 293 644 333 substitutis
668 319 678 338 ,
708 294 852 344 quibus
891 291 1187 331 devolveretur
1213 290 1394 338 legatum
1415 320 1429 338 ‚

104 345 268 395 quoties
286 345 457 384 Nobiles
481 346 671 394 Virgines
702 347 750 384 de
769 345 987 384 Parentela
1016 341 1254 381 Testatricis
1272 357 1337 380 nrm
1353 359 1430 382 con-

93 408 281 435 currerent
313 398 360 436 ad
387 398 678 437 Monasterium
713 398 751 437 S.
786 397 955 437 Rosaliae
985 425 995 435 .
1024 394 1256 433 Contendit
1286 407 1396 434 enim
1415 423 1428 442 ,

89 449 151 495 jus
170 449 410 490 Monasterii
440 462 553 490 mere
574 449 768 499 paffivum
796 449 875 490 effe
893 477 905 496 ‚
935 458 981 488 ut
996 445 1171 496 recipiat
1189 445 1395 487 Moniales
1413 475 1426 494 ‚

87 503 128 541 ἃ
146 503 281 550 potius
301 503 547 543 servitutem
563 503 750 542 redolere
768 528 780 546 ‚
808 503 916 542 itaut
934 501 1094 540 nullum
1125 497 1429 539 detrimentum

88 553 226 594 eidem
248 555 450 595 inferatur
470 581 481 599 ‚
501 555 785 606 permittendo
814 553 1030 603 ingressum
1066 553 1104 591 in
1137 550 1248 588 aliud
1275 552 1429 592 Mona-

87 608 254 646 sterium
274 608 492 651 Panormi,
525 607 589 646 ubi
619 606 874 655 potiffimum
913 608 1063 645 constat
1082 632 1093 650 ‚
1111 613 1156 639 ex
1176 604 1426 645 voluntate,

87 657 328 699 Testatricis
358 660 484 699 licere
501 659 822 708 Consanguineis
853 658 1012 708 ingredi
1043 654 1153 698 aliud
1176 656 1311 711 *etiam
1331 657 1427 696 Mo-

87 713 303 751 nasterium
322 712 448 761 Regni
477 742 486 751 .
518 712 584 761 Jus
615 720 757 751 autem
796 711 1036 750 Puellarum
1071 708 1375 749 substitutarum
1408 735 1420 753 a

89 762 244 804 <luserit
263 792 274 809 ,
308 767 509 804 incertum
527 764 603 803 effe
623 791 635 809 ‚
669 764 947 803 &eventuale
965 789 976 808 ‚
1011 762 1190 812 pendens
1220 762 1286 799 vel
1312 763 1427 800 asor-

90 826 159 859 tc‚
189 819 293 857 vela
313 819 533 856 voluntate
556 816 852 864 proximiorum
885 816 1125 855 vPuellarum
1145 840 1156 858 ,
1191 826 1274 862 quae
1305 815 1424 852 sicuti

90 869 308 909 excludere
336 868 493 918 poffent
524 869 768 907 Substitutas
799 867 1067 917 ingrediendo
1100 866 1421 906 Monasterium.,

88 920 343 970 designatum
371 948 381 965 ,
431 923 487 960 ita
517 919 685 969 possunt.
703 921 861 958 Summi
891 919 1099 958 Pontificis
1132 918 1415 957 amor-itate„

90 973 311 1019 dispensari
335 986 405 1023 pro
439 971 609 1023 ingressu
641 974 680 1010 in
712 973 823 1011 aliud
856 972 1152 1011 Monasterium
1179 970 1371 1009 Panormi
1403 997 1414 1014 ,

88 1036 169 1063 non
201 1036 344 1065 curato
370 1026 482 1064 dicto
497 1024 709 1064 eventiiali
737 1024 974 1073 praejudicio
991 1024 1303 1062 Substitutarum
1321 1046 1333 1064 ³
1373 1031 1417 1062 ut

91 1078 292 1125 ponderat
307 1078 403 1115 Rota
417 1082 457 1115 in
473 1078 823 1125 decissszzfi'mumss.
840 1090 954 1114 coram
966 1076 1359 1115 SANCTISSJMO.

41 1128 120 1170 Sed
149 1129 444 1169 Monasterium
474 1131 511 1169 S.
542 1129 707 1168 Rosalia:
733 1127 918 1168 defendit
937 1153 949 1172 ‚
979 1129 1203 1178 ignobilem
1234 1128 1421 1165 suarum-³

92 1182 345 1221 Monialium
361 1183 564 1232 originem
591 1182 656 1219 vel
687 1194 766 1220 non
798 1181 1026 1225 subsistere,
1054 1181 1149 1230 quia
1165 1179 1321 1228 saepein
1345 1191 1416 1216 eo—

89 1234 186 1272 dem
201 1235 448 1274 Monasterio
480 1243 651 1283 receptae
667 1233 832 1272 fuerunt
857 1233 1008 1273 Puellae
1038 1233 1213 1272 Nobiles
1230 1257 1242 1275 ,
1272 1233 1415 1276 juxtim

89 1286 370 1326 testimonium
382 1287 595 1326 Abbatiffae
612 1298 620 1324 ε
652 1286 718 1325 vel
731 1287 870 1330 justam
889 1297 967 1323 non
987 1285 1159 1333 praebere
1173 1285 1333 1323 causam
1352 1294 1422 1330 pe*

89 1337 179 1376 titae
211 1339 582 1382 commutationi&
616 1339 710 1387 quia
739 1338 907 1376 Sacrum
939 1336 1165 1385 Religionis
1190 1336 1422 1374 Habiturm,

88 1402 232 1430 omnes
250 1392 426 1441 aequales
453 1391 591 1430 reddit
623 1389 823 1434 Nobiles,
850 1390 888 1429 ὃς
909 1388 1102 1434 Plebejas
1122 1418 1133 1428 .
1162 1387 1294 1427 Addit
1321 1396 1422 1433 prae-

85 1450 203 1481 terea
222 1462 235 1487 5
268 1444 538 1490 spernendum
553 1456 633 1482 non
650 1442 724 1482 effe
738 1441 1019 1490 proejudicium
1037 1440 1131 1480 inde
1146 1442 1424 1480 obventurum

84 1493 336 1534 Monasterio
352 1521 365 1540 ,
394 1497 432 1536 Sc
453 1495 609 1535 Puellis
624 1494 846 1534 substitutis
860 1507 874 1534 3
905 1493 1000 1544 quia
1014 1491 1216 1533 Testatrix
1236 1505 1314 1531 non
1331 1503 1422 1528 ma-

81 1545 147 1594 gis
178 1547 259 1586 suis
272 1547 593 1598 Consanguineis
610 1573 622 1592 ,
651 1549 773 1597 quam
789 1545 1038 1585 Monasterio
1056 1545 1285 1593 prospicere
1302 1543 1424 1581 intel-

82 1598 217 1645 lexit,
246 1600 334 1638 illis
350 1613 500 1649 nempe
517 1626 530 1645 ‚
556 1607 603 1638 ut
621 1598 1222 1647 Subsidium*consequerentur
1250 1598 1317 1635 sua
1345 1596 1423 1633 lar-

83 1649 244 1699 gitione
260 1678 273 1698 ‚
305 1652 367 1690 isti
383 1677 395 1697 ‚
422 1661 467 1692 ut
485 1653 609 1692 decus
628 1651 929 1690 nancisceretur
957 1661 1004 1689 ex
1022 1650 1262 1699 receptione
1289 1647 1422 1686 Nobi-

84 1702 193 1741 lium
210 1703 451 1744 Testatricis
468 1703 870 1752 Consanguinearum
884 1731 894 1740 .
923 1701 1017 1740 Nec
1032 1703 1254 1741 arbitratur
1272 1725 1286 1744 ‚
1318 1712 1420 1747 prze-

85 1753 360 1794 dilecstionem
375 1755 775 1803 Consanguinearum
799 1752 955 1792 desumi
982 1752 1090 1800 poffe
1121 1765 1143 1790 a
1157 1750 1347 1801 permiffo
1367 1752 1420 1788 il-

85 1807 221 1847 larum
237 1805 407 1855 ingressu
436 1806 476 1844 in
495 1807 575 1845 alia
605 1805 849 1843 Monasteria
865 1803 1019 1852 Regnis
1047 1812 1138 1842 tum
1154 1803 1248 1854 quia
1282 1803 1421 1847 hujus-

85 1857 407 1907 modi.ingressus
435 1855 647 1906 permissus
672 1855 752 1894 fuit
770 1854 924 1893 Puellis
943 1855 1096 1894 exteris
1114 1869 1191 1894 non
1210 1854 1420 1894 Panormi-

85 1910 193 1953 tanis
211 1934 225 1954 ‚
255 1922 304 1948 ne
321 1908 501 1948 Patriam
517 1909 701 1948 deserere
722 1914 988 1957 cogerentur:
1017 1914 1107 1946 tum
1134 1907 1262 1947 etiam
1290 1907 1417 1955 quia-2

86 1961 381 2004 Monasterium
408 1974 519 2012 aeque
549 1960 828 2010 praedilec‘rum
859 1958 941 1997 dici
972 1958 1098 2007 posset
1130 1972 1200 2008 per
1228 1958 1418 1998 substitu-

83 2018 246 2057 tionem
262 2025 485 2062 pauperum
500 2014 737 2052 Puellarum
766 2011 914 2050 saetam
930 2034 944 2054 ‚
973 2012 1135 2060 quoties
1166 2011 1416 2059 Consangui-

21 2110 28 2115 ,
83 2082 170 2109 nex
183 2067 343 2106 nollent
357 2066 407 2104 ad
421 2066 525 2104 illud
541 2075 780 2104 concurrere
800 2092 810 2102 .
841 2063 894 2101 Et
906 2070 1123 2111 propterea
1141 2090 1153 2109 ‚
1170 2075 1220 2102 ne
1237 2062 1304 2101 via
1323 2073 1415 2111 ape-

82 2123 214 2161 riatur
242 2118 503 2166 contemptui
529 2116 726 2166 religiosae
741 2113 993 2154 humilitatis
1009 2139 1023 2159 ‚
1042 2116 1085 2156 ὃ(
1110 2128 1159 2156 ne
1188 2113 1410 2154 inducatur

82 2172 319 2221 exemplum
348 2171 552 2219 perpetuo
566 2168 811 2208 excludendi
841 2179 1036 2216 pauperes
1052 2168 1214 2208 Puellas
1230 2167 1413 2206 substitu-

78 2234 146 2266 tas
161 2250 174 2269 ,
200 2226 237 2264 Sc
254 2222 546 2262 Monasterium
561 2221 749 2271 privandi
766 2219 1015 2258 Monialibus
1033 2246 1047 2266 ‚
1066 2218 1332 2260 contenditur
1348 2221 1413 2258 lo-

80 2290 179 2318 c-um
209 2289 286 2315 non
300 2274 530 2325 effegratiae
557 2273 700 2324 petitae
731 2281 872 2312 contra
902 2271 1034 2321 Regul.
1058 2287 1116 2321 17.
1134 2270 1333 2313 Cancellar.
1366 2273 1414 2313 de

71 2329 164 2383 ⁴q‘ure
175 2330 313 2381 quaefito
330 2342 397 2365 non
415 2326 577 2365 tollendo
594 2357 604 2367 .

137 2382 422 2432 Dignabuntur
438 2380 578 2428 itaque
597 2379 676 2418 EE.
691 2378 781 2419 VV.
796 2377 1024 2417 decernere

26 2433 100 2477 IAn
114 2436 166 2484 fit
195 2432 446 2482 consulendum
471 2432 852 2471 SANCTISSIMO
875 2439 939 2479 pro
950 2430 1283 2480 subministratione
1307 2429 1411 2478 Sub-

94 2514 98 2518 .
125 2488 303 2537 fidiorum
318 2485 509 2524 Dotalium
527 2510 538 2530 ,
567 2487 612 2522 de
626 2486 754 2534 quibus
767 2487 889 2532 agitur
904 2507 917 2526 ‚
934 2481 1068 2528 favore
1097 2482 1308 2519 Innocentiae
1324 2484 1341 2525 ‚'
1365 2482 1410 2524 ’,ᾗ

93 2557 99 2561 ·
125 2541 335 2578 Βέηεάὲἔίιε
351 2541 484 2576 Mariae
496 2540 666 2576 Sororum
682 2537 842 2575 Paterna
854 2557 867 2577 ‚
894 2535 1032 2584 etiamsi
1054 2531 1092 2572 in'
1109 2535 1180 2572 alio
1191 2533 1410 2582 Monasteria

133 2593 311 2629 Civitatis
324 2591 496 2629 Panormi
505 2591 741 2640 profeffionem
758 2590 929 2630 emittant
941 2612 955 2635 ‚
964 2596 1102 2637 praeter
1118 2587 1408 2638 monasterium..

95 2651 98 2654 ’
129 2645 171 2682 S.
187 2642 345 2690 Rosaliae
359 2668 374 2689 ‚
388 2649 428 2683 in
442 2642 525 2692 casu
543 2646 619 2689 &aa

124 2836 218 2893 γονῇ.
234 2852 384 2893 XXXI.
821 2847 865 2888 z¹
1308 2842 1405 2891 CA-
