1934 2954
88 188 248 233 3154&
266 178 494 219 Contendit
516 180 637 228 porri)
656 203 668 223 ‚
687 179 755 218 fibi
775 204 786 225 ‚
806 179 868 219 uti
886 179 1059 218 Praelato
1077 180 1259 222 inferiori
1277 149 1418 227 tertiari:³

89 235 267 288 speciei,
298 231 522 275 subjestum
541 229 618 272 esse
632 231 924 271 Monasterium
944 231 982 270 S.
999 232 1232 281 Honuphrii
1247 261 1258 280 ‚
1290 238 1410 288 eique

88 295 326 337 competere
342 293 482 323 veram
499 284 806 334 praerogativam
838 283 1009 323 Nullius
1029 283 1225 323 Dioecefis
1249 299 1295 326 ex
1324 290 1413 338 spe-

89 341 256 381 cialibus
287 335 518 385 privilegiis
550 336 794 386 Apostolicis
823 336 892 376 usu
920 336 1097 385 receptis
1121 362 1134 380 ‚
1163 338 1201 376 ὃς
1233 339 1273 376 in
1299 341 1423 384 judi-v>

84 394 150 434 cio
178 388 330 441 pluries
363 389 612 429 canonizatis
633 413 646 434 ,
671 390 710 429 ὃς
741 401 788 428 ex
806 387 988 439 plurium
1011 388 1245 429 seculorum
1273 392 1411 432 obser-

85 453 225 484 vantla
249 472 259 482 .

38 495 252 536 In-Literis
268 495 377 535 enim
391 491 618 534 Alexandri
639 493 713 535 IV.
741 493 897 532 Summi
911 493 1120 532 Pontificis
1140 518 1154 539 ‚
1169 495 1238 534 sub
1251 496 1407 537 Datum

84 548 220 588 Idibus
234 548 395 597 Aprilis
415 552 526 586 1261.
545 570 559 591 ‚
587 548 670 586 haec
685 547 886 586 habentur
912 562 941 582 ε
967 547 1229 596 Monasterium
1253 551 1295 588 S.
1316 553 1408 588 Ma-

83 605 149 639 riae
166 603 211 638 de
224 603 356 639 Monte
373 598 542 648 Virginis
559 602 632 643 &a
653 624 666 644 ‚
695 612 737 636 ac
750 598 920 648 Ecclefias
937 623 949 644 ,
960 602 1149 638 Grancias
1166 626 1178 645 ‚
1195 604 1238 644 &-
1251 603 1345 640 Loca
1372 606 1408 641 ei

77 654 233 703 subdita
258 650 376 706 adjus
396 679 410 698 ‚
443 655 746 701 &proprietatem
771 650 940 688 Romanae
953 651 1116 700 Ecclestae
1139 657 1178 690 in
1191 663 1414 704 perpetuum*

83 709 266 755 pertinere
280 705 463 754 sancimus
481 707 553 746 &c.
571 728 584 747 ‚
613 714 719 754 atque
734 704 778 745 ab
795 706 887 741 omni
901 705 975 740 tdm
989 703 1240 756 Ecclesiasticae
1254 731 1267 751 ,
1297 710 1402 757 quem

81 759 272 798 Secularis
286 759 449 806 Personae
453 755 545 807 jugo
571 758 626 794 ita
642 758 779 793 omnino
793 755 945 794 liberum
975 769 1117 795 manere
1142 759 1365 798 decernimus
1389 783 1406 804 ,

79 819 122 848 ut
135 812 281 849 Sanffae
293 812 432 850 Roman
445 822 474 843 ιε
502 810 664 858 Ecclefiae
679 832 692 852 ‚
721 821 801 850 cum
826 808 982 846 omnibus
998 809 1162 858 Ecclesiis
1175 837 1188 856 ,
1207 815 1378 850 Granciis
1391 838 1406 858 ‚

83 865 242 906 &Locis
252 861 494 914 ,illisubjeflis
513 885 525 905 ‚
547 862 740 910 subditum
765 863 964 900 habeaturs
994 860 1048 898 Et
1080 863 1163 910 post
1190 863 1407 903 confirma-

79 924 170 954 tum
185 914 432 954 Monasterio
447 912 678 953 dominium
715 913 845 964 quoad
871 912 1044 961 Ecclesias
1063 936 1076 957 ,
1102 915 1318 964 Pqffeffiones
1332 940 1346 960 ‚
1362 920 1407 961 &-

77 979 301 1016 qua-cumque
317 967 415 1004 Bona
444 975 540 1005 tunc
571 963 732 1014 poffeffa
750 992 763 1012 ‚
798 966 863 1006 vel
882 966 921 1003 in
936 963 1121 1004 futurum
1138 968 1401 1019 acquirenda,

80 1020 188 1059 inter
201 1017 336 1061 Loca,
366 1018 530 1058 &Bona
563 1018 809 1058 Monasterio
837 1018 1041 1063 subsedia,
1071 1020 1305 1060 recensetur
1331 1020 1401 1058 Eo-

77 1071 180 1122 elefia
189 1072 237 1109 S.
253 1072 467 1120 Honaphrii
483 1096 495 1116 ,
512 1074 554 1114 1&
573 1070 713 1119 Casale,
730 1071 823 1121 quod
841 1073 978 1108 dicitur
992 1069 1115 1119 Mlffa
1133 1076 1146 1114 '‚
1164 1085 1244 1109 cam
1259 1075 1398 1110 Homi-

76 1126 180 1162 nibus
195 1146 208 1165 ,
240 1119 439 1160 Reditibus
454 1149 467 1169 ‚
502 1123 725 1161 Molendim‘s
754 1148 767 1168 ‚
800 1122 1058 1172 Poffeffiom'bus
1091 1147 1106 1167 ,
1137 1126 1180 1167 ὠ·
1205 1126 1399 1163 percinen-

80 1179 141 1213 tiis
190 1178 245 1214 uis
267 1203 277 1213 .

31 1176 234 1267 Similiier
251 1225 436 1267 Urbanus
456 1226 530 1268 IV.
550 1252 563 1272 ‚
579 1227 661 1277 post
675 1227 786 1267 usum
804 1222 1104 1266 Pontificalium
1120 1227 1271 1268 Abbati
1285 1228 1405 1267 Mon-

78 1280 133 1319 tis
151 1278 335 1328 Virgini>
354 1279 563 1318 indultum
581 1291 686 1318 aimo
707 1283 818 1321 1263.
836 1301 849 1321 ‚
867 1290 962 1317 cum
975 1278 1178 1319 facultate
1192 1280 1405 1320 conferen-

83 1332 126 1371 di
141 1331 322 1371 Ordines
335 1331 522 1370 Minores
540 1356 552 1376 ‚
586 1329 838 1370 concedendi
859 1330 1139 1380 Indulgentias
1154 1331 1400 1382 quadragin-

80 1393 124 1422 ta
141 1384 302 1424 dierum
319 1408 332 1429 ‚
363 1382 634 1422 benedicendi
667 1383 806 1422 Sacras
840 1382 1130 1430 Supellefflles
1146 1408 1159 1428 ,
1188 1385 1227 1424 Sc
1254 1396 1406 1433 cogno-

77 1435 216 1475 scendi
233 1435 368 1474 causas
386 1435 724 1474 Matrimoniales
748 1437 845 1473 inter
857 1434 1038 1483 Vaffallos
1058 1461 1070 1480 ‚
1101 1449 1140 1472 m
1155 1438 1280 1485 quibus
1296 1438 1407 1473 habe-

77 1487 348 1537 tisspiritualia
364 1492 378 1533 (
394 1488 486 1526 sunt
503 1489 623 1526 verba
640 1487 825 1532 ludulti)
842 1498 989 1527 :novas
1005 1487 1118 1527 dedit
1135 1487 1296 1528 Literas
1323 1487 1408 1527 Idi-

78 1540 148 1578 bus
164 1539 344 1589 Januarii
374 1552 480 1580 auno
500 1539 798 1578 Incarnationis
819 1543 932 1587 1264.
949 1565 962 1584 ‚
995 1553 1017 1579 a
1042 1539 1108 1586 se,
1141 1541 1179 1580 Sc
1207 1553 1229 1580 a
1251 1541 1405 1580 8311&ae

75 1591 265 1632 Romanae
285 1592 472 1632 Ecclefiae
491 1591 778 1632 Cardinaiibus
797 1591 1036 1642 subscriptas
1055 1617 1069 1638 ,
1098 1593 1241 1644 quibus
1270 1593 1405 1633 Privi-

75 1644 182 1693 legia
198 1644 380 1685 concessa
395 1646 444 1682 ab
461 1644 700 1686 Alexandro
720 1644 790 1684 IV.
810 1644 1068 1685 confirmavit
1084 1669 1098 1690 ‚
1126 1645 1189 1684 his
1213 1645 1346 1685 verbis
1375 1661 1402 1681 ,τ

76 1696 334 1746 Monasterium
351 1699 395 1736 S.
411 1700 546 1736 Mariae
563 1697 705 1735 Montis
723 1699 893 1745 Virginis
919 1700 1027 1748 fisum
1040 1700 1081 1735 in
1098 1699 1250 1748 Diaecefi
1274 1698 1405 1737 Avel-

77 1745 146 1788 lin.
165 1752 239 1793 ἐπ’.
257 1774 270 1794 ,
283 1763 325 1787 ac
345 1749 516 1799 Ecclefias
535 1776 548 1795 ,
566 1751 609 1793 ὠ·
631 1752 724 1788 Loca
746 1751 864 1787 omnia
885 1750 953 1798 fibi
962 1751 1115 1801 subdita
1131 1775 1145 1794 ‚
1173 1753 1216 1794 ’ἶς’
1230 1751 1404 1799 Personas

77 1813 196 1838 eorum
212 1826 226 1846 ,
240 1803 290 1838 ad
303 1801 414 1847 instar
425 1801 637 1849 fel.record.
653 1801 898 1849 Antecefforis
931 1801 1063 1850 Nostri
1092 1802 1308 1839 Alexandri
1333 1801 1406 1839 Ro-

78 1856 178 1889 mani
193 1854 378 1899 Pontificis
395 1875 407 1895 ,
439 1852 551 1905 injus
569 1878 582 1898 ,
600 1857 641 1896 ’ἐν
653 1857 907 1902 proprietatem
937 1855 1045 1892 Beati
1062 1853 1167 1890 Petri
1180 1876 1193 1896 ‚
1218 1856 1261 1898 ὠ·
1270 1854 1408 1903 praedi-

81 1904 142 1941 &²ae
152 1906 260 1942 Sedis
277 1906 480 1952 aſjumimus
501 1909 578 1949 (Tc.
593 1919 608 1946 2·
635 1910 766 1955 Atque
778 1906 820 1942 ab
835 1906 929 1941 omni
943 1904 1201 1955 jurisdif't'ione
1215 1930 1228 1948 ‚
1250 1909 1294 1948 ὠ·
1304 1914 1403 1954 pote·-

73 1956 173 2005 state
189 1983 202 2002 ,
235 1971 276 1994 ac
292 1960 445 1994 dominio
462 1968 547 1996 tam
562 1959 728 2008 Episcopi
745 1957 923 1995 Avellini
935 1983 947 2002 ‚
976 1961 1037 2006 qui
1064 1965 1128 2005 pro
1142 1967 1296 2006 tempore
1315 1957 1406 2004 fue-

82 2012 136 2045 rit
151 2034 165 2054 ‚
197 2022 304 2058 quam
317 2022 617 2059 quorumcumque
639 2011 790 2046 aliorum
809 2008 1051 2047 Praelatorum
1066 2033 1079 2052 ‚
1099 2008 1168 2056 seu
1188 2009 1406 2058 Ecclefiasti-

81 2074 207 2098 carum
222 2061 466 2109 Personarum
479 2085 492 2105 ‚
520 2076 599 2100 cum
614 2063 770 2099 omnihus
795 2063 895 2098 Locis
914 2083 927 2102 ‚
951 2060 1115 2108 Ecclefiis
1129 2084 1141 2103 ‚
1177 2064 1221 2105 ξφ
1238 2063 1407 2109 Personis

69 2113 151 2161 suis
170 2137 182 2156 ‚
217 2115 263 2150 de
276 2113 436 2162 speciali
456 2118 584 2162 gratia
612 2113 777 2150 totaliter
785 2121 955 2161 parpetuo
971 2114 1168 2150 eximentes
1183 2142 1192 2151 .
1223 2113 1282 2150 Ita
1307 2114 1405 2163 quod

78 2179 147 2203 nec
160 2166 257 2202 idem
272 2165 460 2214 Episcopus
481 2165 683 2204 Avellinus
699 2190 712 2210 ,
744 2178 809 2202 nec
825 2163 956 2214 aliquis
973 2164 1067 2201 alius
1100 2165 1280 2203 Praelatus
1303 2189 1315 2209 ‚
1336 2165 1405 2214 seu

80 2222 213 2268 quevis
230 2218 304 2254 alia
321 2217 477 2264 Persona
493 2218 739 2267 Ecclefiastica
765 2216 878 2266 ipsum
892 2241 904 2261 ,
937 2230 1016 2254 cum
1031 2218 1184 2255 omnibus
1217 2217 1400 2266 Eeclefiis‚

75 2274 120 2314 Θ·
132 2270 318 2318 Loci5fin's
336 2294 348 2313 ‚
358 2279 424 2319 per
436 2272 520 2308 Nos
538 2272 581 2307 ab
597 2271 689 2306 omni
702 2266 998 2322 Episcopalijure
1013 2269 1155 2319 prorsus
1176 2279 1395 2318 exemptum,

72 2322 137 2360 vel
150 2323 226 2363 Vos
242 2347 255 2366 ‚
289 2323 349 2360 vel
377 2325 509 2361 Servos
541 2324 616 2360 Dei
641 2321 781 2368 suturis
805 2323 1017 2371 temporibus
1047 2323 1138 2359 inibi
1153 2321 1359 2369 servituros
1380 2345 1395 2366 ‚

75 2375 292 2412 interdicere
305 2399 318 2419 ,
326 2374 544 2423 suspendere
561 2400 574 2419 ,
606 2374 671 2411 vel
682 2387 988 2412 excommunicare
1014 2374 1188 2418 valeant,
1211 2374 1281 2423 seu
1306 2386 1394 2424 quo-

76 2437 223 2476 cumque
237 2428 336 2464 modo
362 2428 453 2464 alia‘s
479 2433 519 2465 in
529 2427 717 2476 praefatum
733 2426 992 2476 Monasterium
1007 2453 1020 2471 ,
1036 2426 1207 2474 Ecclesias
1224 2451 1237 2471 ‚
1270 2429 1313 2469 &¹
1325 2429 1395 2465 Lo-

78 2490 123 2514 εσ
132 2477 208 2527 ejus
223 2484 341 2516 omnia
358 2503 370 2523 ‚
400 2483 443 2523 &-
459 2480 634 2527 Personas
650 2492 768 2516 eorum
777 2478 840 2531 jus
859 2479 1005 2527 aliquod
1018 2480 1161 2522 habere,
1175 2479 1394 2528 potestatem,

78 2528 417 2582 &jurisdifiionem
430 2532 587 2582 aliquam
606 2544 797 2570 exerceres
826 2533 874 2570 Ec
884 2532 917 2577 fi
943 2531 1199 2577 contrafacere
1219 2532 1393 2581 praesum-

73 2591 175 2630 ptum
185 2584 316 2628 fuerit,
323 2586 373 2633 fit
386 2589 548 2629 irritum,
572 2588 613 2627 ’ἐπ’
627 2588 734 2620 inane
750 2598 777 2618 ,τ

28 2633 102 2674 Hae
120 2634 269 2683 pariter
282 2635 430 2676 Literae
450 2636 599 2677 Urbani
621 2635 693 2675 IV.
722 2633 952 2673 dominium
983 2631 1218 2673 Monasterii
1247 2635 1393 2674 confir·

76 2694 188 2727 mant
204 2687 333 2735 quoad
348 2691 535 2739 Ecclefias,
547 2688 773 2738 poffeffiones‚
795 2690 839 2730 &⁶
852 2700 1077 2736 quaecumque
1092 2688 1179 2725 hona.
1194 2687 1398 2776 tuncspffis-

74 2761 82 2768 «
1306 2752 1326 2778 C
1359 2751 1397 2782 a,
