1934 2954
387 190 471 225 240

894 174 1301 218 INDEX

328 267 469 292 Attentata
480 259 630 287 declaratur
641 256 792 293 prohibitio
805 253 943 295 'ingress‘us
964 259 1080 288 Parochi
1116 260 1238 287 Camerae
1250 255 1329 286 celsio
1352 265 1403 297 pro
1415 256 1519 291 iuribus
1530 254 1608 291 spolii
1621 264 1678 285 non
1690 254 1800 294 prodest
1812 258 1874 285 Do-

363 299 393 326 in
415 294 611 323 Catliedralem
631 304 694 322 cum
707 293 780 324 Stola
794 318 802 328 ,
822 298 848 322 δε
861 297 947 323 Cruce
969 296 1059 324 eresta
1072 319 1080 330 ‚

364 330 425 369 post
438 334 585 360 Decretum
609 329 741 358 mandans
766 327 868 357 servari
885 329 999 359 solitum
1010 352 1019 363 ,
1039 331 1086 359 de-

366 366 499 397 mandata
511 366 674 402 purgatione
681 365 813 400 perviam
823 365 955 394 iiullitatis
969 365 1016 394 .In
1029 365 1086 394 Fa-

365 403 478 434 ·isetzrina
486 401 743 437 praaeminentiarum
756 399 912 440 &funerum
925 411 964 430 ii.
976 400 1086 438 Aprilis

365 438 405 468 ad
418 436 471 468 IV.
483 436 619 475 dub.pag.
634 447 675 471 57.

680 489 734 558 B

329 578 385 649 B
393 580 518 616 Aiulivus
526 581 550 609 S.
563 577 720 614 Euphemiae
727 578 840 608 Ordinis
850 577 1083 614 Hierosolymita-

403 618 433 645 ni
445 627 502 645 non
515 615 599 644 habet
612 616 639 643 in
652 615 719 643 locis
732 614 834 643 Rhodii
848 639 855 649 ‚
877 619 902 643 ἃ
915 617 939 642 S.
950 617 1043 644 Mauri
1053 614 1083 643 si-

368 652 397 681 bi
410 651 540 686 subjectis
553 650 769 685 iurisdietionem
791 650 961 679 ordinariam
984 652 1012 679 in
1023 651 1084 679 Cle-

334 706 340 710 »
366 698 429 716 rum
440 711 448 722 ,
470 692 497 716 δε
510 687 642 721 Populum
655 709 663 720 ,
682 684 729 714 sed
743 686 790 714 illa
811 685 913 720 spestat
924 685 959 713 ad
972 685 1083 720 Episco-

367 733 435 758 pum
448 720 702 757 Caputaquenseni‚
721 731 776 749 una
789 731 851 750 cuin
863 721 987 757 delegata
996 723 1023 749 in
1036 723 1085 750 Ec-

365 757 448 787 clesiis
462 756 611 791 subjeffive
622 757 716 785 unitis.
727 758 910 793 Caputaquen.
920 756 1085 793 Jurifiiifflio-

368 794 413 822 nis
426 803 468 827 17.
478 793 605 821 Ianuarii
615 793 653 820 ad
662 792 685 820 I.
698 791 758 819 auh.
767 803 835 831 pag.
847 803 873 819 2.

402 830 454 857 Pro
465 827 584 857 Ecclesiis
596 826 800 855 Parochialibus
809 827 947 854 dictorum
960 826 1084 856 locorum

365 864 471 892 Vicarii
483 863 580 891 Curati
592 872 608 889 a
621 861 746 895 Bajulivo
757 860 911 899 praesentari
923 864 1084 891 examinan-

365 899 404 932 di,
416 903 443 927 St
458 896 629 933 approbandi
640 895 702 925 sunt
712 896 748 924 ab
758 897 901 931 Epilcopo.
914 896 978 925 ibid.
991 900 1028 926 ad
1038 898 1080 927 II.

364 933 426 962 dub.
435 945 501 972 pag.
516 943 539 962 2.

402 970 436 997 Et
449 970 476 996 in
488 967 607 997 Ecclesiis
620 966 754 1002 praedic‘tis
763 967 909 995 AEconomi
919 966 1087 1001 provifiona-

362 1003 572 1068 Ῑιῗςόἀεριιῑειηάἱ
596 1002 658 1032 sunt
669 1002 705 1031 ab
718 1001 853 1037 Episcopo
865 1025 874 1031 .
897 1002 962 1031 ibid.
975 1004 1013 1031 ad
1023 1003 1085 1033 III.

386 1050 401 1068 u
420 1062 426 1067 .
458 1050 475 1067 a
496 1062 501 1066 .
516 1050 540 1068 2.

400 1050 511 1103 Inioffis
528 1072 661 1108 praediffis
673 1075 877 1101 Sacramentum
899 1072 1088 1102 confirmatio-

361 1110 406 1138 nis
418 1110 555 1144 privative
567 1107 818 1137 administrandum
829 1106 869 1136 est
881 1107 917 1136 ab
929 1107 1065 1143 Episcopo
1078 1131 1085 1138 .

362 1144 429 1174 ibid.
441 1145 479 1173 ad
487 1144 523 1173 V.
535 1144 594 1172 dub.
607 1155 671 1181 pag.
687 1154 710 1171 2.

399 1182 435 1208 Et
454 1180 622 1215 Bajulivatus
644 1180 768 1208 Vicarius
790 1179 886 1213 nequit
907 1178 1084 1215 quibuscum-

364 1225 418 1250 que
431 1215 622 1244 Sacerdotibus
634 1237 642 1249 ‚
655 1215 741 1243 etiam
749 1225 806 1243 non
818 1214 975 1249 approbatis
986 1215 1022 1243 ab
1032 1217 1085 1244 Or-

361 1250 474 1279 dinatio
487 1274 495 1284 ,
514 1251 655 1278 licentiam
677 1249 742 1278 dare
755 1249 884 1279 audiendi
896 1248 1084 1280 Confeffiones

363 1286 391 1314 in
403 1285 447 1314 dd.
461 1285 581 1314 Ecclesiis
592 1285 655 1314 ibid.
668 1286 706 1313 ad
716 1285 735 1313 I
737 1285 772 1313 V.
786 1284 844 1313 dub.
854 1296 920 1324 pag.
934 1297 958 1314 ι.

326 1320 495 1350 Beneficium
518 1321 671 1349 declaratur
693 1319 861 1349 relidentiale
880 1342 892 1353 ,
922 1321 960 1348 ob
983 1321 1087 1352 Funda-

369 1357 436 1384 toris
447 1365 611 1392 praeceptum
621 1354 753 1383 residendi
776 1356 804 1383 in
816 1356 880 1385 loco
891 1377 899 1388 ‚
919 1359 946 1383 &
957 1354 1084 1385 habitan-

365 1391 395 1420 di
420 1393 479 1427 ejus
490 1391 608 1419 domum
618 1413 626 1423 ,
645 1389 709 1418 licet
719 1399 804 1418 onera
818 1388 914 1424 possint
938 1401 986 1424 pei·
995 1392 1082 1422 aliun-i

365 1426 512 1461 adimpleri
523 1448 530 1454 .
551 1425 586 1454 In
599 1425 758 1454 Auximum
774 1436 813 1465 ι]-
823 1425 950 1453 Ianuarii
957 1437 1022 1464 pag,
1039 1438 1061 1461 3.

326 1461 457 1491 Beneficii
469 1463 541 1490 circa
553 1459 724 1490 residentiam
739 1461 869 1494 judicium
883 1459 1009 1489 differtur
1021 1486 1028 1496 ,
1049 1472 1079 1492 ut

361 1497 561 1533 coadjuvemur
582 1495 757 1530 probationes
776 1496 853 1529 lupci·
872 1496 1003 1529 qualitate
1026 1496 1078 1526 ser-

362 1534 424 1573 vitii
437 1555 444 1561 .
464 1532 499 1561 In
510 1531 536 1560 F
536 1530 654 1571 rifingen.
665 1529 812 1570 Refidentiae
829 1541 869 1565 14.
883 1530 1023 1562 Februarii
1028 1545 1080 1572 pa-

324 1580 470 1645 :Beiile'iicia9
474 1591 696 1640 incompatibilia
707 1604 855 1646 poffidenq,
866 1606 965 1643 vigore
976 1603 1080 1646 dispen-

361 1638 480 1669 sationis
490 1651 546 1668 iion
559 1650 720 1675 exequurae,
740 1650 889 1669 remittitur
899 1642 932 1669 ad
946 1640 1079 1669 Sanchffi-

362 1684 441 1703 mum
456 1698 463 1704 .
482 1675 517 1703 Irz
528 1675 727 1712 Amalpt'iitana
754 1687 793 1710 14.
807 1675 947 1704 Februarii
954 1688 1020 1714 pag.
1037 1687 1077 1710 ιι).

323 1709 462 1739 Beneficia
473 1710 689 1745 incompatibilia
697 1712 794 1748 vigore
804 1710 1011 1745 dispensationis
1023 1722 1080 1741 non

360 1755 502 1780 exequutae
513 1757 570 1774 non
583 1747 645 1774 licet
657 1747 774 1774 retinere
785 1770 792 1781 ‚
812 1744 860 1774 sed
871 1747 1028 1775 induloetur
1039 1758 1081 1776 re-

360 1782 451 1809 tentio
461 1782 541 1810 unius
555 1805 564 1816 ,
582 1780 657 1810 facio
669 1781 756 1809 verbo
766 1792 829 1810 cum
843 1770 1010 1812 sanciui'uno
1022 1804 1030 1812 .
1043 1782 1081 1813 In

362 1815 566 1853 Amalplzitatza
581 1820 621 1844 18.
632 1815 703 1844 Julii
710 1827 776 1855 pag.
792 1827 851 1851 144.

323 1849 461 1880 Beneficia
473 1872 480 1879 .
500 1851 571 1879 Vide
582 1850 760 1887 cappellania
774 1873 780 1879 .

324 1886 426 1916 Brevia
437 1884 595 1921 Apostolica
606 1908 615 1918 ,
635 1886 735 1921 quibus
749 1885 929 1917 confirmatur
940 1888 1080 1918 decretum
1107 1913 1112 1915 .

359 1922 521 1956 Capitulare
534 1945 542 1956 ‚
562 1921 637 1956 quod
649 1923 679 1950 in
691 1923 724 1950 iis
738 1945 747 1956 ‚
766 1933 825 1957 qua:
837 1923 873 1951 ad
884 1925 1003 1961 gratiam
1016 1929 1043 1954 &
1053 1936 1080 1954 e·

357 1956 509 1996 lectionem
520 1957 667 1992 pertinent,
679 1956 809 1994 suffragia
821 1956 885 1986 ferri
898 1959 1027 1988 deberent
1033 1971 1080 1995 per

358 2001 429 2020 vota
441 1996 543 2020 lecreta
558 2004 563 2019 :
584 1992 714 2027 quodque
735 1994 872 2022 Canonici
894 1996 923 2022 in
935 1995 1076 2029 posterum

355 2027 509 2062 cooptandi
522 2037 579 2055 non
592 2027 682 2062 plures
691 2051 699 2062 ‚
739 2038 803 2057 uam
817 2028 884 2060 :duo
896 2040 928 2058 ex
941 2032 1052 2067 Agnatis
1065 2055 1074 2066 ‚

358 2062 406 2102 vel
417 2063 552 2099 Cognatis
562 2064 646 2097 primi
658 2087 665 2098 ‚
674 2067 701 2092 ὃς
714 2038 821 2093 [ἶεηυάί
832 2064 932 2101 gradus
942 2076 1076 2107 praeroga-

357 2107 418 2126 tiva
430 2099 504 2126 vocis
516 2098 613 2127 aetivae
623 2099 778 2133 potirentur
791 2111 797 2127 :
812 2104 838 2128 &
850 2101 925 2134 quod
937 2111 954 2129 a
966 2101 1074 2130 duobus

359 2133 485 2168 Capituli
497 2135 641 2173 Deputatis
649 2132 845 2163 reformaretur
854 2135 949 2164 Codex
957 2139 1076 2165 Statuto-

358 2178 423 2196 rum
434 2169 643 2203 Capitularium,
655 2168 803 2204 dispunctis
814 2169 964 2206 superfluis,
977 2176 1003 2201 &
1015 2173 1077 2201 inu-

357 2203 455 2242 tilibus
465 2226 475 2237 ,
494 2202 625 2238 novisque
635 2204 735 2233 additis
747 2203 922 2239 synodalium
935 2207 1077 2236 Constitu·

357 2247 469 2267 tionum
483 2239 597 2268 decretis
609 2263 618 2274 ,
643 2240 682 2268 ira
694 2249 787 2268 tamen
807 2251 837 2269 ut
848 2240 911 2276 post
929 2243 1078 2272 correstio-

356 2284 426 2302 nem
448 2273 626 2309 subjiceretur
649 2274 767 2303 censura:
779 2278 906 2306 omniurn
916 2279 1076 2307 Canonico-

357 2318 421 2349 rum
432 2331 441 2342 ‚
462 2311 569 2338 vocatis
587 2311 672 2338 etiam
696 2309 854 2340 absentibus
865 2323 874 2339 :
893 2314 1078 2346 exequutione

356 2343 443 2380 digna
455 2344 626 2374 declarantur
639 2368 646 2374 .
666 2345 700 2375 Ia
711 2346 872 2377 Tridentina
882 2358 924 2382 14.
935 2347 1077 2380 Februarii

314 2405 317 2410 .
355 2381 396 2409 ad
405 2379 448 2409 II.
460 2380 519 2410 dub.
526 2392 593 2420 pag.
611 2391 654 2416 19·

669 2450 735 2521 C

320 2519 503 2599 CAdaver
516 2580 523 2586 .
542 2559 611 2598 ⁴Vide
624 2559 718 2589 Funus
733 2584 739 2591 .

320 2591 467 2619 eaducitas
491 2593 594 2633 indic'ta
618 2596 646 2623 iu
659 2596 722 2626 casu
733 2596 894 2632 subjiciendi
907 2600 1071 2629 Oratorium

353 2624 479 2667 Paisocho
500 2637 556 2655 non
570 2632 713 2660 incurritur
723 2656 731 2666 ‚
750 2632 817 2662 dum
838 2634 905 2662 illud
928 2634 1071 2670 subjicitur

352 2660 490 2696 Episcopo
503 2683 510 2690 .
529 2662 654 2703 fproftm
673 2669 774 2696 ronien.
776 2668 884 2706 jurium
895 2669 1070 2700 Parachiali-

354 2707 398 2725 um
410 2708 453 2736 271..
466 2696 574 2734 Aprilis
585 2699 623 2726 ad
682 2722 689 2728 .
702 2702 761 2728 duh.
774 2713 837 2741 pag.
850 2707 892 2736 ὃς.

319 2732 466 2761 Caducitas
484 2734 570 2768 petita
591 2743 686 2763 contra
697 2737 834 2766 Moniales
858 2739 1070 2776 obinadimple-

361 2776 487 2799 mentum
499 2769 642 2804 pactorum
656 2793 662 2800 .
683 2770 751 2803 Vide
762 2771 906 2803 Moniales
917 2793 929 2809 ι

1150 303 1259 322 natatio
1270 314 1280 325 ,
1299 302 1447 327 quominus
1459 301 1582 321 teneatur
1592 291 1627 326 ad
1636 291 1752 320 sublidia
1765 291 1873 321 dotalia.

1156 328 1251 357 relicta
1261 338 1309 363 per
1317 327 1468 356 donantem
1481 350 1488 355 .
1506 328 1672 356 Camerinen.
1680 326 1788 365 fiibfidii
1799 329 1876 356 dora-

1157 363 1194 392 lis
1206 375 1248 397 27.
1261 363 1338 392 Junii
1350 362 1418 391 adl.
1430 362 1489 391 dub.
1498 374 1563 402 pag.
1582 374 1640 397 119.

1122 399 1250 428 Candelae
1263 422 1272 434 ‚
1285 397 1331 427 seu
1343 399 1423 427 Cerei
1435 398 1540 427 oblatio
1553 397 1625 427 faeta
1637 398 1876 434 contemplatione

1156 435 1256 464 Altaris
1269 437 1294 464 S.
1306 434 1442 471 Georgeri
1456 432 1557 469 spectat
1570 434 1605 462 ad
1617 434 1693 463 idem
1704 436 1797 463 Altare
1809 458 1817 469 ,
1830 445 1872 463 re-

1156 470 1235 506 liquae
1247 469 1401 499 oblationes
1414 468 1492 498 factae
1505 470 1738 505 contemplatione
1751 473 1775 498 S.
1792 470 1876 498 Aide-

1156 505 1254 534 brandi
1267 529 1275 540 ‚
1295 506 1338 534 cui
1360 504 1482 533 dicatum
1490 503 1528 532 est
1547 506 1731 540 Ormorium,
1751 504 1881 541 spectant-

1159 541 1194 569 ad
1215 540 1289 571 idem
1303 541 1466 569 Oratorium
1489 538 1538 568 sub
1546 539 1784 570 administratione
1808 542 1875 576 Epi-

1154 576 1238 612 scopi.
1248 576 1275 604 F
1275 575 1373 613 orosem
1393 577 1494 603 ronien.
1498 575 1603 614 jurium
1613 574 1817 605 Paroclzialium
1829 587 1874 612 ²5-

1156 612 1264 649 Aprilis
1277 612 1314 640 ad
1326 611 1357 639 V
1375 633 1380 638 .
1394 610 1528 648 dub.pag.
1541 614 1582 644 ὃς.

1121 647 1248 677 Candelae
1259 648 1288 675 iri
1301 646 1477 677 affociatione
1488 646 1598 674 iuuetis
1609 645 1741 687 debentur
1753 647 1876 677 Canoni-

1152 685 1190 712 cis
1210 694 1267 712 non
1279 683 1395 711 minoris
1405 680 1532 718 ponderis
1544 705 1552 716 ‚
1572 690 1655 716 quarn
1668 684 1708 710 Re
1729 682 1849 712 alaribus
1861 705 1873 713 .

1154 717 1323 782 §aiglliusfiu
1332 717 1468 756 ficblacen.
1482 715 1616 745 Funerum
1630 727 1671 751 30.
1723 718 1763 746 aii
1782 719 1820 748 ad
1833 718 1875 749 V.

1210 777 1217 783 .
1249 766 1265 783 a
1287 777 1292 782 .
1310 765 1368 783 101.

1122 766 1307 818 ΕεηάεΙέῐέιη
1321 788 1440 825 expensis
1452 787 1685 817 contribuendum
1705 787 1746 818 est
1758 789 1877 818 aCano·

1156 826 1219 854 nico
1233 824 1403 853 fundationis
1417 823 1546 853 l’escitelli
1561 847 1567 852 .
1579 824 1750 862 Nullius-feu
1760 823 1875 864 Farfeng

1157 871 1201 889 21.
1214 860 1378 893 Novembris
1393 861 1430 888 acl
1441 859 1497 889 IV.
1509 858 1569 888 dub.
1577 870 1644 897 pag.
1658 871 1720 890 201.

1119 898 1306 927 Canonicatus
1318 897 1389 925 circa
1399 895 1568 925 relidentiam
1578 897 1712 930 judiciuin
1725 893 1852 924 differtur
1859 902 1874 931 ,·

1152 940 1182 962 ut
1205 931 1404 966 coadjuvemur
1428 931 1606 965 probationes
1640 929 1718 966 super
1739 931 1875 966 qualitate

1156 966 1261 995 servitii
1286 966 1406 996 Ecclesia:
1417 966 1578 1003 Collegiatae
1590 990 1599 1002 ,
1618 970 1645 995 &
1656 966 1776 995 Ecclesiae
1789 964 1875 994 Ordi-

1156 1003 1199 1030 nis
1209 1002 1335 1030 militaris
1344 1005 1368 1031 S.
1384 1003 1458 1030 Geor
1479 1004 1523 1034 ei,
1542 1002 1570 1029 in
1582 1012 1636 1037 qua
1647 1001 1814 1038 dignitatern
1823 1001 1877 1029 ob—

1160 1037 1247 1065 tinere
1264 1036 1422 1071 permissum
1459 1037 1683 1066 ueratCanonico
1697 1059 1704 1066 .
1724 1036 1760 1066 In
1769 1035 1875 1075 Frtfitz-

1156 1082 1217 1109 gen.
1229 1071 1376 1109 Rcfidentia
1392 1082 1433 1106 14.
1444 1071 1584 1100 Februan'i
1589 1084 1655 1111 pag.
1670 1082 1711 1107 19.

1122 1107 1305 1135 Canonicatus
1317 1108 1418 1136 erectio
1431 1116 1541 1135 centum
1553 1117 1626 1136 retro
1638 1109 1716 1136 annis
1727 1105 1801 1136 fassa
1812 1131 1821 1142 ,
1841 1107 1877 1137 li·-

1157 1152 1200 1171 cet
1211 1140 1339 1171 Testator
1350 1142 1441 1171 solum
1455 1140 1605 1181 mandaffet
1617 1143 1688 1179 erigi
1699 1141 1875 1177 juspatrona-

1157 1186 1200 1206 tus
1211 1202 1219 1213 ,
1239 1177 1404 1208 substiiietur
1417 1200 1423 1206 .
1442 1176 1557 1206 Nullius
1570 1177 1620 1214 seu
1631 1176 1744 1216 Farfen.
1762 1188 1801 1211 21,
1812 1177 1874 1208 Νο-

1155 1213 1272 1242 vembris
1285 1214 1322 1242 ad
1330 1213 1355 1241 I.
1367 1212 1470 1249 dub.pa
1490 1236 1497 1242 .
1512 1223 1572 1241 201.

1122 1249 1308 1311 Cainonicatus
1316 1248 1462 1285 Theologa
1476 1258 1497 1277 is
1512 1270 1520 1277 .
1540 1248 1610 1279 Vide
1624 1249 1773 1279 canonicus
1783 1248 1876 1279 Theo-

1168 1295 1182 1312 ο
1202 1296 1233 1313 us
1246 1308 1253 1314 .

1123 1296 1259 1349 Caninici
1270 1321 1419 1356 nuncupati
1441 1319 1476 1349 de
1489 1319 1558 1353 solio
1569 1345 1577 1356 ‚
1596 1320 1650 1350 {ive
1663 1319 1697 1349 de
1709 1319 1788 1350 stallo
1810 1319 1874 1350 sune
1907 1351 1913 1354 ,

1157 1357 1216 1384 veri
1228 1358 1363 1388 Canonici
1377 1380 1386 1391 ,
1404 1356 1467 1384 licet
1489 1355 1646 1391 posterioris
1659 1357 1804 1385 erectionis
1815 1380 1824 1391 ‚
1843 1360 1873 1386 δε

1154 1391 1274 1420 Mallam
1286 1391 1418 1420 habentes
1429 1390 1585 1420 distin&am
1593 1392 1628 1421 ab
1637 1391 1682 1419 illa
1693 1393 1872 1426 antiquorum

1152 1428 1358 1456 Canonicorum
1369 1437 1514 1461 nuncupat.
1528 1427 1562 1455 de
1572 1426 1720 1455 Praebenda
1731 1449 1739 1455 .
1760 1426 1868 1455 Caluri-

1149 1470 1215 1491 tana
1230 1473 1270 1495 17.
1283 1462 1409 1491 Ianuarii
1421 1463 1460 1490 ad
1471 1461 1493 1490 I.
1507 1462 1565 1490 dub.
1574 1474 1642 1501 pag.
1654 1467 1678 1489 6.

1112 1498 1247 1526 Canonici
1258 1497 1379 1533 praediCti
1390 1508 1425 1525 an
1438 1497 1558 1526 habeant
1569 1497 1777 1532 praecedentiam
1790 1497 1871 1532 {upra

1150 1535 1306 1562 Canonicos
1328 1534 1484 1562 recentioris
1502 1531 1804 1562 ereffioniwdiffertur
1823 1535 1869 1567 ju-

1153 1568 1257 1597 diciuin
1268 1593 1276 1604 ,
1297 1568 1464 1597 demandata
1476 1567 1648 1598 exhibitione
1660 1567 1868 1602 fundationum,

1152 1607 1179 1632 δε
1191 1603 1375 1639 propositione
1387 1602 1482 1632 Causae
1493 1605 1582 1632 citatis
1603 1602 1727 1632 intereffe
1737 1602 1869 1634 habenti-

1152 1638 1202 1668 bus
1215 1663 1220 1668 .
1241 1639 1404 1668 lbid.adII.
1414 1638 1543 1677 dub.pag.
1560 1645 1584 1668 6.

1116 1675 1251 1704 Canonici
1263 1674 1384 1710 praedisti
1407 1676 1448 1709 jus
1459 1673 1563 1703 habent
1578 1674 1724 1704 obtinendi
1745 1674 1869 1704 officium

1151 1709 1278 1739 Sisenarii
1291 1732 1300 1744 ,
1319 1710 1426 1745 aliaque
1440 1709 1528 1738 officia
1541 1734 1549 1745 ,
1568 1721 1627 1745 quae
1637 1720 1684 1745 per
1695 1719 1807 1738 turnum
1829 1709 1867 1738 ab
1901 1734 1909 1745 ,μ

1149 1745 1210 1780 aliis
1222 1746 1370 1775 Canonicis
1391 1745 1570 1780 obtinentur,
1588 1756 1650 1778 rnon
1671 1743 1798 1775 obstante
1816 1755 1870 1774 ne-

1150 1781 1387 1844 {JJZZWUQ
1395 1790 1532 1814 annorum
1543 1779 1721 1815 observantia
1733 1802 1740 1809 .
1759 1779 1822 1809 Ibid
1832 1780 1872 1809 ad

1202 1838 1208 1844 ι
1275 1838 1280 1844 ·
1313 1828 1330 1844 a
1351 1838 1356 1844 .
1390 1837 1397 1844 ι

1113 1852 1251 1880 canonici
1263 1827 1383 1886 prssd‘ieti
1406 1858 1504 1880 canere·
1514 1849 1616 1891 debent
1626 1850 1800 1891 Antiphonas
1811 1875 1821 1887 ,
1839 1855 1870 1880 δε
1899 1883 1904 1888 ,

1152 1888 1318 1917 Invitatoria
1340 1888 1371 1915 in
1381 1885 1445 1918 loco
1468 1885 1552 1920 solito
1566 1909 1572 1916 .
1592 1885 1662 1916 Ibtd.
1687 1888 1725 1916 ad
1735 1887 1792 1917 IV.
1805 1885 1868 1917 dub.

1116 1928 1250 1988 Capiiiignigi
1256 1954 1383 1995 praediOci
1389 1970 1423 2000 an
1436 1957 1491 1988 frui
1497 1957 1814 2001 valeantvacationibuq
1819 1959 1868 1994 tti-

1147 1995 1346 2061 fflstiffffl
1358 1993 1869 2061 ¹3¹¹Jzz¹e¹ii¹¹31¹5¹3¹aizal¹ssz

1148 2066 1261 2096 ruiidem
1276 2055 1453 2095 vacat’ionum
1467 2089 1473 2094 .
1493 2066 1561 2094 Ibid.
1576 2067 1613 2094 ad
1627 2066 1662 2095 V.
1675 2065 1736 2095 dub.
1743 2073 1811 2105 pag}
1818 2069 1844 2093 6.

1113 2101 1249 2130 Canonici
1267 2101 1399 2131 instantes
1421 2112 1471 2136 pro
1482 2103 1665 2136 exequutione
1677 2098 1864 2135 Brevium-de-
1892 2117 1904 2135 ¹.

1150 2136 1256 2166 trahere
1269 2136 1376 2172 possunt
1387 2136 1515 2172 expensas
1525 2138 1580 2167 litis
1592 2147 1625 2166 ex
1636 2135 1725 2165 Massa
1737 2145 1863 2170 commu-

1148 2174 1179 2213 ni
1191 2193 1199 2202 .
1221 2173 1380 2203 Tridentina
1407 2183 1449 2207 14.
1462 2171 1604 2201 Februarii
1625 2173 1662 2201 ad
1671 2171 1728 2206 IV.
1739 2165 1798 2204 dub.
1806 2181 1862 2207 pa-

1168 2219 1206 2237 m.
1222 2220 1231 2237 i
1254 2231 1261 2237 .
1883 2218 1886 2219 ¹

1112 2219 1422 2280 Cagiionicioppolitores
1430 2253 1555 2273 tenentur
1565 2245 1728 2282 reintegrare
1739 2240 1860 2270 Mass'am

1149 2290 1329 2343 ‘ciorbnmunem
1342 2280 1376 2309 de
1388 2280 1509 2315 pecuniis
1521 2281 1646 2309 extratstis
1658 2301 1666 2307 .
1684 2277 1754 2306 Ibtd.
1767 2277 1804 2305 ad
1818 2276 1856 2306 V.

1168 2326 1184 2342 u
1204 2338 1209 2342 .
1239 2327 1255 2343 Π
1277 2339 1283 2344 .
1300 2327 1311 2344 I
1335 2338 1341 2345 n

1113 2327 1462 2388 Canoni‘zii‘gColiegiatae,&
1474 2349 1637 2379 Parochialis
1647 2347 1766 2388 Ecclesia:
1775 2350 1860 2388 §.Ari-

1147 2385 1218 2415 dieae
1230 2388 1322 2416 Terrae
1335 2387 1563 2421 Sublaci,iuvitati
1573 2395 1622 2420 pro
1633 2382 1794 2412 associandis
1806 2386 1858 2412 Ca-

1148 2420 1294 2451 davetibus
1326 2423 1361 2452 ad
1389 2421 1532 2451 Ecclesiam
1557 2422 1604 2448 ΡΙ).
1627 2417 1858 2447 Reformatorurn

1145 2459 1172 2485 S.
1189 2457 1321 2487 francisci
1334 2473 1343 2492 ,·
1361 2457 1491 2492 consequi
1513 2455 1613 2484 debent
1636 2455 1859 2483 emolumentum
1893 2490 1896 2491 .

1146 2492 1278 2527 juliorum
1290 2493 1410 2523 duorum
1423 2505 1429 2521 ε
1447 2489 1600 2525 Praepositus
1613 2500 1689 2529 vero,
1700 2493 1726 2518 ὃς
1739 2489 1858 2518 Hebdo-

1142 2528 1281 2558 madarius
1293 2530 1424 2564 juliorum
1436 2528 1534 2558 trium,
1548 2527 1623 2559 iuxta
1636 2524 1748 2565 solitum
1762 2548 1768 2553 .
1780 2524 1859 2553 Nul-

1142 2562 1197 2592 lius
1201 2564 1250 2600 ftu
1256 2564 1392 2601 fichlacen.
1397 2563 1522 2602 funerum
1537 2570 1578 2594 30.
1591 2560 1670 2589 Man
1677 2561 1714 2589 ad
1724 2559 1780 2591 IV.
1793 2559 1859 2589 dub.

1160 2610 1177 2627 a
1198 2621 1204 2627 .
1216 2610 1274 2628 ior.
1735 2614 1740 2619 ·

1106 2609 1241 2664 Ciiitiiiici
1262 2634 1382 2670 praedicti
1393 2657 1402 2669 ‚
1419 2636 1447 2661 &
1459 2630 1613 2668 Praepofitus
1636 2632 1664 2661 iu
1676 2630 1856 2672 associatione

1141 2668 1269 2699 funerum
1288 2669 1390 2698 habere
1411 2667 1514 2696 debent
1525 2668 1649 2697 candelas
1670 2679 1727 2696 non
1739 2676 1855 2696 minoris

1138 2704 1268 2739 ponderis
1279 2728 1288 2740 ,
1307 2704 1389 2740 quam
1408 2703 1559 2741 Regulares
1573 2726 1580 2732 .
1599 2703 1669 2734 Ibid.
1693 2703 1731 2732 ad
1740 2701 1778 2732 V.
1790 2700 1853 2730 dub.

1135 2750 1274 2779 paga-101.

1055 2800 1057 2802 -
1105 2776 1240 2807 canonici
1257 2773 1377 2808 Ecclesia:
1390 2773 1550 2813 Collegiatae
1571 2777 1596 2812 S.
1609 2773 1779 2807 Ruffiuinon
1790 2771 1855 2809 sune

1749 2811 1853 2839 immu-
