<?xml version="1.0" encoding="UTF-8"?>
<!DOCTYPE html PUBLIC "-//W3C//DTD XHTML 1.0 Transitional//EN"
    "http://www.w3.org/TR/xhtml1/DTD/xhtml1-transitional.dtd">
<html xmlns="http://www.w3.org/1999/xhtml" xml:lang="en" lang="en">
 <head>
  <title>
</title>
<meta http-equiv="Content-Type" content="text/html;charset=utf-8" />
  <meta name='ocr-system' content='tesseract 3.04.00' />
  <meta name='ocr-capabilities' content='ocr_page ocr_carea ocr_par ocr_line ocrx_word'/>
</head>
<body>
  <div class='ocr_page' id='page_1' title='image "./thesaurusresolut30cath_0446.png"; bbox 0 0 1934 2954; ppageno 0'>
   <div class='ocr_carea' id='block_1_1' title="bbox 451 131 1849 2227">
    <p class='ocr_par' dir='ltr' id='par_1_1' title="bbox 505 131 575 171">
     <span class='ocr_line' id='line_1_1' title="bbox 505 131 575 171; baseline -0.029 -4"><span class='ocrx_word' id='word_1_1' title='bbox 505 131 575 171; x_wconf 85' lang='lat'><strong>158</strong></span> 
     </span>
    </p>

    <p class='ocr_par' dir='ltr' id='par_1_2' title="bbox 498 172 1844 807">
     <span class='ocr_line' id='line_1_2' title="bbox 500 172 1841 226; baseline -0.004 -8"><span class='ocrx_word' id='word_1_2' title='bbox 500 177 758 226; x_wconf 64' lang='lat' dir='ltr'><strong>cappellano</strong></span> <span class='ocrx_word' id='word_1_3' title='bbox 773 178 924 216; x_wconf 83' lang='lat' dir='ltr'><strong>sacram</strong></span> <span class='ocrx_word' id='word_1_4' title='bbox 944 177 1092 226; x_wconf 78' lang='lat' dir='ltr'><strong>Suppei</strong></span> <span class='ocrx_word' id='word_1_5' title='bbox 1083 174 1284 215; x_wconf 49' lang='lat' dir='ltr'><strong>neonem</strong></span> <span class='ocrx_word' id='word_1_6' title='bbox 1301 199 1312 220; x_wconf 88' lang='lat'><strong>,</strong></span> <span class='ocrx_word' id='word_1_7' title='bbox 1326 186 1369 213; x_wconf 84' lang='lat' dir='ltr'><strong>ac</strong></span> <span class='ocrx_word' id='word_1_8' title='bbox 1389 184 1619 223; x_wconf 79' lang='lat' dir='ltr'>promotam</span> <span class='ocrx_word' id='word_1_9' title='bbox 1636 172 1749 214; x_wconf 80' lang='lat' dir='ltr'><strong>fuisse</strong></span> <span class='ocrx_word' id='word_1_10' title='bbox 1769 175 1841 213; x_wconf 73' lang='lat' dir='ltr'><strong>bo-</strong></span> 
     </span>
     <span class='ocr_line' id='line_1_3' title="bbox 498 226 1839 277; baseline -0.004 -6"><span class='ocrx_word' id='word_1_11' title='bbox 498 243 646 271; x_wconf 79' lang='lat' dir='ltr'><strong>norum</strong></span> <span class='ocrx_word' id='word_1_12' title='bbox 667 231 851 270; x_wconf 81' lang='lat' dir='ltr'><strong>Ecclefiae</strong></span> <span class='ocrx_word' id='word_1_13' title='bbox 885 229 1145 268; x_wconf 80' lang='lat' dir='ltr'><strong>utilitatem.</strong></span> <span class='ocrx_word' id='word_1_14' title='bbox 1178 228 1275 266; x_wconf 87' lang='lat' dir='ltr'><strong>Non</strong></span> <span class='ocrx_word' id='word_1_15' title='bbox 1294 227 1412 275; x_wconf 78' lang='lat' dir='ltr'><strong>culpa</strong></span> <span class='ocrx_word' id='word_1_16' title='bbox 1427 226 1668 277; x_wconf 84' lang='lat' dir='ltr'><strong>Cappellani</strong></span> <span class='ocrx_word' id='word_1_17' title='bbox 1696 228 1839 277; x_wconf 83' lang='lat' dir='ltr'><strong>probat</strong></span> 
     </span>
     <span class='ocr_line' id='line_1_4' title="bbox 499 277 1838 331; baseline -0.004 -7"><span class='ocrx_word' id='word_1_18' title='bbox 499 283 715 324; x_wconf 82' lang='lat' dir='ltr'><strong>Vetulam</strong></span> <span class='ocrx_word' id='word_1_19' title='bbox 726 284 804 322; x_wconf 87' lang='lat' dir='ltr'><strong>fine</strong></span> <span class='ocrx_word' id='word_1_20' title='bbox 838 282 1044 331; x_wconf 73' lang='lat' dir='ltr'>spirituali</span> <span class='ocrx_word' id='word_1_21' title='bbox 1070 281 1222 319; x_wconf 76' lang='lat' dir='ltr'><strong>auxilio</strong></span> <span class='ocrx_word' id='word_1_22' title='bbox 1240 277 1442 319; x_wconf 81' lang='lat' dir='ltr'><strong>deceffiffe</strong></span> <span class='ocrx_word' id='word_1_23' title='bbox 1459 305 1471 324; x_wconf 92' lang='lat'><strong>,</strong></span> <span class='ocrx_word' id='word_1_24' title='bbox 1498 281 1564 319; x_wconf 86' lang='lat' dir='ltr'><strong>sed</strong></span> <span class='ocrx_word' id='word_1_25' title='bbox 1579 280 1838 330; x_wconf 69' lang='lat' dir='ltr'><strong>apopleffico</strong></span> 
     </span>
     <span class='ocr_line' id='line_1_5' title="bbox 498 330 1835 384; baseline -0.004 -6"><span class='ocrx_word' id='word_1_26' title='bbox 498 338 642 378; x_wconf 86' lang='lat' dir='ltr'><strong>morbo</strong></span> <span class='ocrx_word' id='word_1_27' title='bbox 672 345 934 384; x_wconf 77' lang='lat' dir='ltr'>correptam:</span> <span class='ocrx_word' id='word_1_28' title='bbox 966 347 1043 372; x_wconf 88' lang='lat' dir='ltr'><strong>non</strong></span> <span class='ocrx_word' id='word_1_29' title='bbox 1072 333 1370 381; x_wconf 77' lang='lat' dir='ltr'><strong>Cappellanum</strong></span> <span class='ocrx_word' id='word_1_30' title='bbox 1399 330 1562 371; x_wconf 79' lang='lat' dir='ltr'><strong>Missam</strong></span> <span class='ocrx_word' id='word_1_31' title='bbox 1590 335 1835 373; x_wconf 66' lang='lat' dir='ltr'><strong>celebrare,</strong></span> 
     </span>
     <span class='ocr_line' id='line_1_6' title="bbox 499 386 1843 448; baseline -0.002 -20"><span class='ocrx_word' id='word_1_32' title='bbox 499 387 719 448; x_wconf 75' lang='lat' dir='ltr'><strong>neglexisse</strong></span> <span class='ocrx_word' id='word_1_33' title='bbox 735 389 801 426; x_wconf 86' lang='lat' dir='ltr'><strong>die</strong></span> <span class='ocrx_word' id='word_1_34' title='bbox 819 387 916 427; x_wconf 77' lang='lat' dir='ltr'><strong>festo</strong></span> <span class='ocrx_word' id='word_1_35' title='bbox 932 413 944 431; x_wconf 87' lang='lat'><strong>,</strong></span> <span class='ocrx_word' id='word_1_36' title='bbox 975 387 1042 425; x_wconf 87' lang='lat' dir='ltr'><strong>sed</strong></span> <span class='ocrx_word' id='word_1_37' title='bbox 1061 386 1331 424; x_wconf 83' lang='lat' dir='ltr'><strong>Substitutum</strong></span> <span class='ocrx_word' id='word_1_38' title='bbox 1362 393 1590 434; x_wconf 83' lang='lat' dir='ltr'>opportune</span> <span class='ocrx_word' id='word_1_39' title='bbox 1620 387 1843 425; x_wconf 56' lang='lat' dir='ltr'><strong>relietum:</strong></span> 
     </span>
     <span class='ocr_line' id='line_1_7' title="bbox 501 437 1839 486; baseline -0.004 -5"><span class='ocrx_word' id='word_1_40' title='bbox 501 455 582 482; x_wconf 77' lang='lat' dir='ltr'><strong>non</strong></span> <span class='ocrx_word' id='word_1_41' title='bbox 599 443 790 486; x_wconf 67' lang='lat' dir='ltr'><strong>iniuriam</strong></span> <span class='ocrx_word' id='word_1_42' title='bbox 808 453 901 479; x_wconf 84' lang='lat' dir='ltr'><strong>eum</strong></span> <span class='ocrx_word' id='word_1_43' title='bbox 919 437 1100 477; x_wconf 75' lang='lat' dir='ltr'><strong>intulisse</strong></span> <span class='ocrx_word' id='word_1_44' title='bbox 1118 438 1302 477; x_wconf 86' lang='lat' dir='ltr'><strong>Merloni</strong></span> <span class='ocrx_word' id='word_1_45' title='bbox 1321 463 1333 482; x_wconf 86' lang='lat'><strong>,</strong></span> <span class='ocrx_word' id='word_1_46' title='bbox 1365 437 1432 476; x_wconf 88' lang='lat' dir='ltr'><strong>sed</strong></span> <span class='ocrx_word' id='word_1_47' title='bbox 1448 437 1567 476; x_wconf 84' lang='lat' dir='ltr'><strong>illum</strong></span> <span class='ocrx_word' id='word_1_48' title='bbox 1580 438 1839 484; x_wconf 79' lang='lat' dir='ltr'><strong>judicialiter</strong></span> 
     </span>
     <span class='ocr_line' id='line_1_8' title="bbox 502 488 1841 537; baseline -0.004 -4"><span class='ocrx_word' id='word_1_49' title='bbox 502 494 604 533; x_wconf 78' lang='lat' dir='ltr'><strong>furti</strong></span> <span class='ocrx_word' id='word_1_50' title='bbox 619 493 844 532; x_wconf 70' lang='lat' dir='ltr'><strong>accusasse:</strong></span> <span class='ocrx_word' id='word_1_51' title='bbox 874 505 951 531; x_wconf 86' lang='lat' dir='ltr'><strong>non</strong></span> <span class='ocrx_word' id='word_1_52' title='bbox 972 492 1173 530; x_wconf 58' lang='lat' dir='ltr'><strong>subtrat‘ha</strong></span> <span class='ocrx_word' id='word_1_53' title='bbox 1190 516 1202 534; x_wconf 89' lang='lat'><strong>,</strong></span> <span class='ocrx_word' id='word_1_54' title='bbox 1229 492 1294 530; x_wconf 64' lang='lat' dir='ltr'><strong>sed</strong></span> <span class='ocrx_word' id='word_1_55' title='bbox 1314 499 1454 537; x_wconf 86' lang='lat' dir='ltr'><strong>empta</strong></span> <span class='ocrx_word' id='word_1_56' title='bbox 1485 490 1532 528; x_wconf 89' lang='lat' dir='ltr'><strong>ab</strong></span> <span class='ocrx_word' id='word_1_57' title='bbox 1549 502 1596 528; x_wconf 89' lang='lat' dir='ltr'><strong>eo</strong></span> <span class='ocrx_word' id='word_1_58' title='bbox 1614 488 1728 529; x_wconf 79' lang='lat' dir='ltr'><strong>fuiffe</strong></span> <span class='ocrx_word' id='word_1_59' title='bbox 1744 491 1841 529; x_wconf 85' lang='lat' dir='ltr'><strong>Mo-</strong></span> 
     </span>
     <span class='ocr_line' id='line_1_9' title="bbox 501 542 1844 589; baseline -0.003 -3"><span class='ocrx_word' id='word_1_60' title='bbox 501 559 639 586; x_wconf 85' lang='lat' dir='ltr'><strong>rorum</strong></span> <span class='ocrx_word' id='word_1_61' title='bbox 653 545 778 585; x_wconf 82' lang='lat' dir='ltr'><strong>folia:</strong></span> <span class='ocrx_word' id='word_1_62' title='bbox 810 559 887 584; x_wconf 68' lang='lat' dir='ltr'><strong>non</strong></span> <span class='ocrx_word' id='word_1_63' title='bbox 911 545 1139 583; x_wconf 79' lang='lat' dir='ltr'><strong>Foeminam</strong></span> <span class='ocrx_word' id='word_1_64' title='bbox 1156 544 1327 584; x_wconf 63' lang='lat' dir='ltr'><strong>tentasse</strong></span> <span class='ocrx_word' id='word_1_65' title='bbox 1344 570 1356 589; x_wconf 91' lang='lat'><strong>,</strong></span> <span class='ocrx_word' id='word_1_66' title='bbox 1387 543 1455 583; x_wconf 85' lang='lat' dir='ltr'><strong>sed</strong></span> <span class='ocrx_word' id='word_1_67' title='bbox 1473 554 1495 581; x_wconf 82' lang='lat' dir='ltr'><strong>a</strong></span> <span class='ocrx_word' id='word_1_68' title='bbox 1512 542 1694 581; x_wconf 85' lang='lat' dir='ltr'><strong>Foemina</strong></span> <span class='ocrx_word' id='word_1_69' title='bbox 1707 543 1844 582; x_wconf 89' lang='lat' dir='ltr'><strong>obscu-</strong></span> 
     </span>
     <span class='ocr_line' id='line_1_10' title="bbox 503 594 1840 644; baseline -0.003 -6"><span class='ocrx_word' id='word_1_70' title='bbox 503 600 538 638; x_wconf 90' lang='lat' dir='ltr'><strong>ri</strong></span> <span class='ocrx_word' id='word_1_71' title='bbox 557 599 762 644; x_wconf 85' lang='lat' dir='ltr'><strong>nominis,</strong></span> <span class='ocrx_word' id='word_1_72' title='bbox 797 601 833 638; x_wconf 56' lang='grc' dir='ltr'><strong>δὲ</strong></span> <span class='ocrx_word' id='word_1_73' title='bbox 851 598 966 636; x_wconf 79' lang='lat' dir='ltr'><strong>famae</strong></span> <span class='ocrx_word' id='word_1_74' title='bbox 998 597 1183 636; x_wconf 77' lang='lat' dir='ltr'><strong>delatum</strong></span> <span class='ocrx_word' id='word_1_75' title='bbox 1200 595 1315 636; x_wconf 69' lang='lat' dir='ltr'><strong>fuisse</strong></span> <span class='ocrx_word' id='word_1_76' title='bbox 1343 596 1393 636; x_wconf 92' lang='lat' dir='ltr'><strong>de</strong></span> <span class='ocrx_word' id='word_1_77' title='bbox 1410 594 1632 640; x_wconf 79' lang='lat' dir='ltr'><strong>concubitu</strong></span> <span class='ocrx_word' id='word_1_78' title='bbox 1665 596 1758 634; x_wconf 65' lang='lat' dir='ltr'><strong>osto</strong></span> <span class='ocrx_word' id='word_1_79' title='bbox 1770 607 1840 634; x_wconf 87' lang='lat' dir='ltr'><strong>an-</strong></span> 
     </span>
     <span class='ocr_line' id='line_1_11' title="bbox 503 646 1841 700; baseline -0.001 -10"><span class='ocrx_word' id='word_1_80' title='bbox 503 661 546 691; x_wconf 94' lang='lat' dir='ltr'><strong>te</strong></span> <span class='ocrx_word' id='word_1_81' title='bbox 574 652 688 693; x_wconf 83' lang='lat' dir='ltr'><strong>annis</strong></span> <span class='ocrx_word' id='word_1_82' title='bbox 719 661 883 690; x_wconf 82' lang='lat' dir='ltr'><strong>tentato</strong></span> <span class='ocrx_word' id='word_1_83' title='bbox 915 677 926 695; x_wconf 91' lang='lat'>‚</span> <span class='ocrx_word' id='word_1_84' title='bbox 959 653 1073 696; x_wconf 79' lang='lat' dir='ltr'><strong>cujus</strong></span> <span class='ocrx_word' id='word_1_85' title='bbox 1102 662 1121 687; x_wconf 92' lang='lat' dir='ltr'><strong>c</strong></span> <span class='ocrx_word' id='word_1_86' title='bbox 1128 650 1354 700; x_wconf 70' lang='lat' dir='ltr'><strong>eteroquin</strong></span> <span class='ocrx_word' id='word_1_87' title='bbox 1388 647 1649 698; x_wconf 79' lang='lat' dir='ltr'>probationes</span> <span class='ocrx_word' id='word_1_88' title='bbox 1680 646 1841 688; x_wconf 60' lang='lat' dir='ltr'><strong>deesse,</strong></span> 
     </span>
     <span class='ocr_line' id='line_1_12' title="bbox 503 699 1843 761; baseline -0.004 -18"><span class='ocrx_word' id='word_1_89' title='bbox 503 703 622 743; x_wconf 77' lang='lat' dir='ltr'><strong>fassus</strong></span> <span class='ocrx_word' id='word_1_90' title='bbox 638 706 691 743; x_wconf 88' lang='lat' dir='ltr'><strong>est</strong></span> <span class='ocrx_word' id='word_1_91' title='bbox 705 703 989 743; x_wconf 77' lang='lat' dir='ltr'><strong>Cancellarius</strong></span> <span class='ocrx_word' id='word_1_92' title='bbox 1008 701 1425 751; x_wconf 76' lang='lat' dir='ltr'><strong>Episcopalis‚praeter</strong></span> <span class='ocrx_word' id='word_1_93' title='bbox 1439 701 1656 740; x_wconf 82' lang='lat' dir='ltr'><strong>calumniae</strong></span> <span class='ocrx_word' id='word_1_94' title='bbox 1675 699 1843 761; x_wconf 81' lang='lat' dir='ltr'><strong>indicia,</strong></span> 
     </span>
     <span class='ocr_line' id='line_1_13' title="bbox 506 755 1423 807; baseline -0.002 -12"><span class='ocrx_word' id='word_1_95' title='bbox 506 770 555 807; x_wconf 87' lang='lat' dir='ltr'><strong>qu</strong></span> <span class='ocrx_word' id='word_1_96' title='bbox 563 771 590 795; x_wconf 71' lang='lat' dir='ltr'><strong>e</strong></span> <span class='ocrx_word' id='word_1_97' title='bbox 609 757 875 795; x_wconf 82' lang='lat' dir='ltr'>cumulantur</span> <span class='ocrx_word' id='word_1_98' title='bbox 891 757 938 794; x_wconf 92' lang='lat' dir='ltr'><strong>ab</strong></span> <span class='ocrx_word' id='word_1_99' title='bbox 949 756 1140 794; x_wconf 84' lang='lat' dir='ltr'><strong>accusato</strong></span> <span class='ocrx_word' id='word_1_100' title='bbox 1156 755 1423 802; x_wconf 81' lang='lat' dir='ltr'><strong>Cappellano.</strong></span> 
     </span>
    </p>

    <p class='ocr_par' dir='ltr' id='par_1_3' title="bbox 456 773 1849 2014">
     <span class='ocr_line' id='line_1_14' title="bbox 456 773 1845 863; baseline -0.003 -15"><span class='ocrx_word' id='word_1_101' title='bbox 456 810 665 860; x_wconf 70' lang='lat' dir='ltr'><strong>Qiocirca</strong></span> <span class='ocrx_word' id='word_1_102' title='bbox 683 808 901 851; x_wconf 81' lang='lat' dir='ltr'><strong>defendit,</strong></span> <span class='ocrx_word' id='word_1_103' title='bbox 935 808 1040 846; x_wconf 89' lang='lat' dir='ltr'><strong>haud</strong></span> <span class='ocrx_word' id='word_1_104' title='bbox 1056 806 1211 845; x_wconf 70' lang='lat' dir='ltr'><strong>licuisse</strong></span> <span class='ocrx_word' id='word_1_105' title='bbox 1227 806 1424 857; x_wconf 84' lang='lat' dir='ltr'>Episcopo</span> <span class='ocrx_word' id='word_1_106' title='bbox 1439 773 1740 863; x_wconf 71' lang='lat' dir='ltr'><strong>Cappelianum</strong></span> <span class='ocrx_word' id='word_1_107' title='bbox 1756 815 1845 853; x_wconf 86' lang='lat' dir='ltr'><strong>pro</strong></span> 
     </span>
     <span class='ocr_line' id='line_1_15' title="bbox 505 855 1847 912; baseline -0.003 -12"><span class='ocrx_word' id='word_1_108' title='bbox 505 875 594 912; x_wconf 81' lang='lat' dir='ltr'><strong>prio</strong></span> <span class='ocrx_word' id='word_1_109' title='bbox 612 859 782 898; x_wconf 86' lang='lat' dir='ltr'><strong>arbitrio</strong></span> <span class='ocrx_word' id='word_1_110' title='bbox 798 871 1016 898; x_wconf 83' lang='lat' dir='ltr'><strong>removere</strong></span> <span class='ocrx_word' id='word_1_111' title='bbox 1035 884 1048 904; x_wconf 90' lang='lat'><strong>,</strong></span> <span class='ocrx_word' id='word_1_112' title='bbox 1081 860 1118 897; x_wconf 70' lang='grc'><strong>8(</strong></span> <span class='ocrx_word' id='word_1_113' title='bbox 1135 859 1263 897; x_wconf 80' lang='lat' dir='ltr'><strong>alium</strong></span> <span class='ocrx_word' id='word_1_114' title='bbox 1293 859 1524 908; x_wconf 84' lang='lat' dir='ltr'><strong>deputare·</strong></span> <span class='ocrx_word' id='word_1_115' title='bbox 1554 869 1645 898; x_wconf 88' lang='lat' dir='ltr'><strong>tum</strong></span> <span class='ocrx_word' id='word_1_116' title='bbox 1674 858 1769 909; x_wconf 86' lang='lat' dir='ltr'><strong>quia</strong></span> <span class='ocrx_word' id='word_1_117' title='bbox 1795 855 1847 896; x_wconf 88' lang='lat' dir='ltr'><strong>ad</strong></span> 
     </span>
     <span class='ocr_line' id='line_1_16' title="bbox 507 909 1849 962; baseline -0.002 -10"><span class='ocrx_word' id='word_1_118' title='bbox 507 914 641 962; x_wconf 80' lang='lat' dir='ltr'><strong>ipsum</strong></span> <span class='ocrx_word' id='word_1_119' title='bbox 667 911 898 950; x_wconf 86' lang='lat' dir='ltr'><strong>Parochum</strong></span> <span class='ocrx_word' id='word_1_120' title='bbox 924 911 1076 960; x_wconf 58' lang='lat' dir='ltr'><strong>spet‘rat</strong></span> <span class='ocrx_word' id='word_1_121' title='bbox 1094 911 1301 950; x_wconf 83' lang='lat' dir='ltr'><strong>Ministros</strong></span> <span class='ocrx_word' id='word_1_122' title='bbox 1316 913 1384 951; x_wconf 87' lang='lat' dir='ltr'><strong>fibi</strong></span> <span class='ocrx_word' id='word_1_123' title='bbox 1416 911 1655 951; x_wconf 77' lang='lat' dir='ltr'><strong>neceffarios</strong></span> <span class='ocrx_word' id='word_1_124' title='bbox 1684 910 1733 949; x_wconf 83' lang='lat' dir='ltr'><strong>ad</strong></span> <span class='ocrx_word' id='word_1_125' title='bbox 1761 909 1849 957; x_wconf 83' lang='lat' dir='ltr'><strong>Cu-</strong></span> 
     </span>
     <span class='ocr_line' id='line_1_17' title="bbox 506 961 1848 1014; baseline -0.004 -8"><span class='ocrx_word' id='word_1_126' title='bbox 506 977 595 1006; x_wconf 87' lang='lat' dir='ltr'><strong>ram</strong></span> <span class='ocrx_word' id='word_1_127' title='bbox 613 964 861 1004; x_wconf 86' lang='lat' dir='ltr'><strong>Animarum</strong></span> <span class='ocrx_word' id='word_1_128' title='bbox 879 963 1076 1003; x_wconf 75' lang='lat' dir='ltr'><strong>assumere</strong></span> <span class='ocrx_word' id='word_1_129' title='bbox 1096 990 1108 1008; x_wconf 91' lang='lat'><strong>,</strong></span> <span class='ocrx_word' id='word_1_130' title='bbox 1137 963 1186 1002; x_wconf 80' lang='lat' dir='ltr'><strong>ad</strong></span> <span class='ocrx_word' id='word_1_131' title='bbox 1216 963 1390 1002; x_wconf 83' lang='lat' dir='ltr'><strong>formam</strong></span> <span class='ocrx_word' id='word_1_132' title='bbox 1417 973 1493 1014; x_wconf 84' lang='lat' dir='ltr'><strong>cap.</strong></span> <span class='ocrx_word' id='word_1_133' title='bbox 1498 978 1534 1013; x_wconf 84' lang='lat'><strong>4.</strong></span> <span class='ocrx_word' id='word_1_134' title='bbox 1543 965 1629 1013; x_wconf 82' lang='lat' dir='ltr'><strong>sess.</strong></span> <span class='ocrx_word' id='word_1_135' title='bbox 1638 978 1701 1003; x_wconf 83' lang='lat'><strong>21.</strong></span> <span class='ocrx_word' id='word_1_136' title='bbox 1714 966 1759 1001; x_wconf 84' lang='lat' dir='ltr'><strong>de</strong></span> <span class='ocrx_word' id='word_1_137' title='bbox 1774 961 1848 1000; x_wconf 69' lang='lat' dir='ltr'><strong>Re-</strong></span> 
     </span>
     <span class='ocr_line' id='line_1_18' title="bbox 497 1016 1846 1068; baseline -0.001 -12"><span class='ocrx_word' id='word_1_138' title='bbox 497 1022 605 1068; x_wconf 86' lang='lat' dir='ltr'><strong>form.</strong></span> <span class='ocrx_word' id='word_1_139' title='bbox 623 1042 637 1062; x_wconf 89' lang='lat'>‚</span> <span class='ocrx_word' id='word_1_140' title='bbox 666 1018 780 1062; x_wconf 80' lang='lat' dir='ltr'><strong>cujus</strong></span> <span class='ocrx_word' id='word_1_141' title='bbox 800 1017 1009 1056; x_wconf 76' lang='lat' dir='ltr'><strong>censuram</strong></span> <span class='ocrx_word' id='word_1_142' title='bbox 1027 1016 1273 1067; x_wconf 81' lang='lat' dir='ltr'><strong>sequendam</strong></span> <span class='ocrx_word' id='word_1_143' title='bbox 1292 1016 1370 1056; x_wconf 83' lang='lat' dir='ltr'><strong>effe</strong></span> <span class='ocrx_word' id='word_1_144' title='bbox 1399 1018 1647 1061; x_wconf 82' lang='lat' dir='ltr'><strong>contendit,</strong></span> <span class='ocrx_word' id='word_1_145' title='bbox 1677 1028 1758 1055; x_wconf 87' lang='lat' dir='ltr'><strong>non</strong></span> <span class='ocrx_word' id='word_1_146' title='bbox 1773 1027 1846 1054; x_wconf 85' lang='lat' dir='ltr'><strong>au-</strong></span> 
     </span>
     <span class='ocr_line' id='line_1_19' title="bbox 505 1068 1847 1127; baseline -0.004 -16"><span class='ocrx_word' id='word_1_147' title='bbox 505 1081 595 1111; x_wconf 88' lang='lat' dir='ltr'><strong>tem</strong></span> <span class='ocrx_word' id='word_1_148' title='bbox 612 1070 730 1109; x_wconf 77' lang='lat' dir='ltr'><strong>illam</strong></span> <span class='ocrx_word' id='word_1_149' title='bbox 762 1079 837 1119; x_wconf 83' lang='lat' dir='ltr'><strong>cap.</strong></span> <span class='ocrx_word' id='word_1_150' title='bbox 843 1073 879 1107; x_wconf 99' lang='lat'><strong>6.</strong></span> <span class='ocrx_word' id='word_1_151' title='bbox 896 1068 1156 1127; x_wconf 77' lang='lat' dir='ltr'><strong>ejusdemsess.</strong></span> <span class='ocrx_word' id='word_1_152' title='bbox 1167 1084 1227 1107; x_wconf 85' lang='lat'><strong>21.</strong></span> <span class='ocrx_word' id='word_1_153' title='bbox 1246 1094 1258 1113; x_wconf 90' lang='lat'><strong>,</strong></span> <span class='ocrx_word' id='word_1_154' title='bbox 1290 1073 1383 1108; x_wconf 81' lang='lat' dir='ltr'><strong>cum</strong></span> <span class='ocrx_word' id='word_1_155' title='bbox 1398 1081 1477 1108; x_wconf 84' lang='lat' dir='ltr'><strong>non</strong></span> <span class='ocrx_word' id='word_1_156' title='bbox 1497 1078 1639 1118; x_wconf 82' lang='lat' dir='ltr'>agatur</span> <span class='ocrx_word' id='word_1_157' title='bbox 1655 1068 1705 1106; x_wconf 86' lang='lat' dir='ltr'><strong>de</strong></span> <span class='ocrx_word' id='word_1_158' title='bbox 1722 1068 1847 1106; x_wconf 74' lang='lat' dir='ltr'><strong>Paro-</strong></span> 
     </span>
     <span class='ocr_line' id='line_1_20' title="bbox 504 1118 1845 1170; baseline -0.003 -8"><span class='ocrx_word' id='word_1_159' title='bbox 504 1125 583 1164; x_wconf 87' lang='lat' dir='ltr'><strong>cho</strong></span> <span class='ocrx_word' id='word_1_160' title='bbox 600 1122 806 1161; x_wconf 82' lang='lat' dir='ltr'><strong>illiterato</strong></span> <span class='ocrx_word' id='word_1_161' title='bbox 820 1146 833 1165; x_wconf 70' lang='lat'>⁷</span> <span class='ocrx_word' id='word_1_162' title='bbox 861 1122 1033 1162; x_wconf 85' lang='lat' dir='ltr'><strong>inhabili</strong></span> <span class='ocrx_word' id='word_1_163' title='bbox 1050 1148 1062 1168; x_wconf 95' lang='lat'><strong>,</strong></span> <span class='ocrx_word' id='word_1_164' title='bbox 1095 1131 1165 1161; x_wconf 84' lang='lat' dir='ltr'><strong>aut</strong></span> <span class='ocrx_word' id='word_1_165' title='bbox 1181 1121 1400 1161; x_wconf 78' lang='lat' dir='ltr'><strong>criminoso</strong></span> <span class='ocrx_word' id='word_1_166' title='bbox 1416 1136 1430 1162; x_wconf 77' lang='grc'><strong>,-</strong></span> <span class='ocrx_word' id='word_1_167' title='bbox 1461 1124 1551 1159; x_wconf 82' lang='lat' dir='ltr'><strong>tum</strong></span> <span class='ocrx_word' id='word_1_168' title='bbox 1576 1122 1735 1170; x_wconf 82' lang='lat' dir='ltr'><strong>insuper</strong></span> <span class='ocrx_word' id='word_1_169' title='bbox 1749 1118 1845 1170; x_wconf 86' lang='lat' dir='ltr'><strong>quia</strong></span> 
     </span>
     <span class='ocr_line' id='line_1_21' title="bbox 506 1172 1845 1224; baseline -0.004 -8"><span class='ocrx_word' id='word_1_170' title='bbox 506 1174 689 1216; x_wconf 84' lang='lat' dir='ltr'><strong>remotio</strong></span> <span class='ocrx_word' id='word_1_171' title='bbox 720 1175 788 1213; x_wconf 89' lang='lat' dir='ltr'><strong>sub</strong></span> <span class='ocrx_word' id='word_1_172' title='bbox 803 1185 997 1223; x_wconf 79' lang='lat' dir='ltr'><strong>praetextu</strong></span> <span class='ocrx_word' id='word_1_173' title='bbox 1016 1173 1264 1214; x_wconf 67' lang='lat' dir='ltr'><strong>defletorum</strong></span> <span class='ocrx_word' id='word_1_174' title='bbox 1281 1200 1294 1219; x_wconf 87' lang='lat'>‚</span> <span class='ocrx_word' id='word_1_175' title='bbox 1319 1187 1410 1213; x_wconf 90' lang='lat' dir='ltr'><strong>cum</strong></span> <span class='ocrx_word' id='word_1_176' title='bbox 1428 1174 1583 1224; x_wconf 84' lang='lat' dir='ltr'><strong>irroget</strong></span> <span class='ocrx_word' id='word_1_177' title='bbox 1599 1172 1812 1212; x_wconf 75' lang='lat' dir='ltr'><strong>infamiam</strong></span> <span class='ocrx_word' id='word_1_178' title='bbox 1827 1195 1845 1218; x_wconf 85' lang='lat'><strong>,</strong></span> 
     </span>
     <span class='ocr_line' id='line_1_22' title="bbox 503 1223 1846 1278; baseline -0.004 -10"><span class='ocrx_word' id='word_1_179' title='bbox 503 1228 593 1268; x_wconf 83' lang='lat' dir='ltr'><strong>fieri</strong></span> <span class='ocrx_word' id='word_1_180' title='bbox 613 1227 758 1278; x_wconf 88' lang='lat' dir='ltr'><strong>nequit</strong></span> <span class='ocrx_word' id='word_1_181' title='bbox 785 1227 866 1267; x_wconf 90' lang='lat' dir='ltr'><strong>fine</strong></span> <span class='ocrx_word' id='word_1_182' title='bbox 879 1229 1148 1267; x_wconf 73' lang='lat' dir='ltr'><strong>commdenti</strong></span> <span class='ocrx_word' id='word_1_183' title='bbox 1178 1227 1347 1266; x_wconf 81' lang='lat' dir='ltr'><strong>iliorum</strong></span> <span class='ocrx_word' id='word_1_184' title='bbox 1376 1226 1616 1277; x_wconf 81' lang='lat' dir='ltr'><strong>probatione</strong></span> <span class='ocrx_word' id='word_1_185' title='bbox 1632 1253 1645 1272; x_wconf 92' lang='lat'><strong>,</strong></span> <span class='ocrx_word' id='word_1_186' title='bbox 1674 1235 1720 1265; x_wconf 92' lang='lat' dir='ltr'><strong>ut</strong></span> <span class='ocrx_word' id='word_1_187' title='bbox 1736 1223 1846 1263; x_wconf 80' lang='lat' dir='ltr'><strong>dixit</strong></span> 
     </span>
     <span class='ocr_line' id='line_1_23' title="bbox 500 1278 1844 1329; baseline -0.004 -10"><span class='ocrx_word' id='word_1_188' title='bbox 500 1281 602 1319; x_wconf 79' lang='lat' dir='ltr'><strong>Rota</strong></span> <span class='ocrx_word' id='word_1_189' title='bbox 626 1293 744 1319; x_wconf 85' lang='lat' dir='ltr'><strong>coram</strong></span> <span class='ocrx_word' id='word_1_190' title='bbox 761 1283 937 1319; x_wconf 77' lang='lat' dir='ltr'><strong>Lancetta</strong></span> <span class='ocrx_word' id='word_1_191' title='bbox 954 1281 1063 1329; x_wconf 52' lang='lat' dir='ltr'><strong>decis.</strong></span> <span class='ocrx_word' id='word_1_192' title='bbox 1074 1286 1185 1323; x_wconf 83' lang='lat'>1236.</span> <span class='ocrx_word' id='word_1_193' title='bbox 1207 1295 1305 1320; x_wconf 75' lang='lat' dir='ltr'><strong>num.</strong></span> <span class='ocrx_word' id='word_1_194' title='bbox 1331 1293 1391 1323; x_wconf 85' lang='lat'><strong>13.</strong></span> <span class='ocrx_word' id='word_1_195' title='bbox 1410 1307 1423 1326; x_wconf 90' lang='lat'>‚</span> <span class='ocrx_word' id='word_1_196' title='bbox 1455 1283 1626 1323; x_wconf 78' lang='lat' dir='ltr'><strong>&amp;coram</strong></span> <span class='ocrx_word' id='word_1_197' title='bbox 1641 1280 1750 1318; x_wconf 82' lang='lat' dir='ltr'><strong>Card.</strong></span> <span class='ocrx_word' id='word_1_198' title='bbox 1768 1278 1844 1316; x_wconf 84' lang='lat' dir='ltr'><strong>Ta-</strong></span> 
     </span>
     <span class='ocr_line' id='line_1_24' title="bbox 499 1330 1844 1384; baseline -0.004 -12"><span class='ocrx_word' id='word_1_199' title='bbox 499 1337 604 1372; x_wconf 75' lang='lat' dir='ltr'><strong>nario</strong></span> <span class='ocrx_word' id='word_1_200' title='bbox 623 1333 732 1380; x_wconf 76' lang='lat' dir='ltr'><strong>decis.</strong></span> <span class='ocrx_word' id='word_1_201' title='bbox 751 1346 839 1380; x_wconf 87' lang='lat'><strong>207</strong></span> <span class='ocrx_word' id='word_1_202' title='bbox 872 1348 968 1372; x_wconf 60' lang='lat' dir='ltr'><strong>mma</strong></span> <span class='ocrx_word' id='word_1_203' title='bbox 991 1348 1053 1373; x_wconf 86' lang='lat'><strong>22.</strong></span> <span class='ocrx_word' id='word_1_204' title='bbox 1074 1333 1198 1384; x_wconf 88' lang='lat' dir='ltr'><strong>.th</strong></span> <span class='ocrx_word' id='word_1_205' title='bbox 1205 1345 1254 1372; x_wconf 88' lang='lat' dir='ltr'><strong>ue</strong></span> <span class='ocrx_word' id='word_1_206' title='bbox 1282 1341 1493 1372; x_wconf 83' lang='lat' dir='ltr'><strong>attentata</strong></span> <span class='ocrx_word' id='word_1_207' title='bbox 1522 1330 1599 1372; x_wconf 84' lang='lat' dir='ltr'><strong>esse</strong></span> <span class='ocrx_word' id='word_1_208' title='bbox 1628 1332 1844 1379; x_wconf 89' lang='lat' dir='ltr'><strong>disputat,</strong></span> 
     </span>
     <span class='ocr_line' id='line_1_25' title="bbox 503 1347 1844 1442; baseline -0.003 -17"><span class='ocrx_word' id='word_1_209' title='bbox 503 1397 772 1442; x_wconf 78' lang='lat' dir='ltr'><strong>quaecumque</strong></span> <span class='ocrx_word' id='word_1_210' title='bbox 791 1387 847 1424; x_wconf 87' lang='lat' dir='ltr'><strong>ab</strong></span> <span class='ocrx_word' id='word_1_211' title='bbox 865 1387 1063 1435; x_wconf 79' lang='lat' dir='ltr'><strong>Episcopo</strong></span> <span class='ocrx_word' id='word_1_212' title='bbox 1074 1347 1198 1435; x_wconf 83' lang='lat' dir='ltr'><strong>gestaq</strong></span> <span class='ocrx_word' id='word_1_213' title='bbox 1203 1385 1322 1426; x_wconf 87' lang='lat' dir='ltr'><strong>sunt</strong></span> <span class='ocrx_word' id='word_1_214' title='bbox 1315 1398 1352 1424; x_wconf 82' lang='lat' dir='ltr'><strong>in</strong></span> <span class='ocrx_word' id='word_1_215' title='bbox 1371 1388 1446 1425; x_wconf 88' lang='lat' dir='ltr'><strong>hac</strong></span> <span class='ocrx_word' id='word_1_216' title='bbox 1460 1385 1587 1425; x_wconf 84' lang='lat' dir='ltr'>Causa</span> <span class='ocrx_word' id='word_1_217' title='bbox 1605 1386 1687 1435; x_wconf 88' lang='lat' dir='ltr'><strong>post</strong></span> <span class='ocrx_word' id='word_1_218' title='bbox 1704 1393 1844 1423; x_wconf 70' lang='lat' dir='ltr'><strong>recur—</strong></span> 
     </span>
     <span class='ocr_line' id='line_1_26' title="bbox 499 1436 1844 1489; baseline -0.005 -10"><span class='ocrx_word' id='word_1_219' title='bbox 499 1440 590 1479; x_wconf 91' lang='lat' dir='ltr'><strong>sum</strong></span> <span class='ocrx_word' id='word_1_220' title='bbox 608 1436 795 1476; x_wconf 83' lang='lat' dir='ltr'><strong>habitum</strong></span> <span class='ocrx_word' id='word_1_221' title='bbox 822 1438 872 1477; x_wconf 80' lang='lat' dir='ltr'><strong>ad</strong></span> <span class='ocrx_word' id='word_1_222' title='bbox 891 1441 992 1477; x_wconf 85' lang='lat' dir='ltr'><strong>hanc</strong></span> <span class='ocrx_word' id='word_1_223' title='bbox 1012 1437 1105 1477; x_wconf 82' lang='lat' dir='ltr'><strong>Sac1</strong></span> <span class='ocrx_word' id='word_1_224' title='bbox 1110 1452 1175 1477; x_wconf 85' lang='lat' dir='ltr'><strong>am</strong></span> <span class='ocrx_word' id='word_1_225' title='bbox 1192 1439 1602 1488; x_wconf 73' lang='lat' dir='ltr'><strong>Congregationem3</strong></span> <span class='ocrx_word' id='word_1_226' title='bbox 1633 1436 1728 1489; x_wconf 84' lang='lat' dir='ltr'><strong>quia</strong></span> <span class='ocrx_word' id='word_1_227' title='bbox 1745 1445 1844 1474; x_wconf 80' lang='lat' dir='ltr'><strong>con-</strong></span> 
     </span>
     <span class='ocr_line' id='line_1_27' title="bbox 495 1488 1844 1548; baseline -0.005 -16"><span class='ocrx_word' id='word_1_228' title='bbox 495 1491 698 1532; x_wconf 79' lang='lat' dir='ltr'><strong>‘troverfia</strong></span> <span class='ocrx_word' id='word_1_229' title='bbox 726 1499 816 1530; x_wconf 82' lang='lat' dir='ltr'><strong>erat</strong></span> <span class='ocrx_word' id='word_1_230' title='bbox 851 1504 927 1529; x_wconf 86' lang='lat' dir='ltr'><strong>non</strong></span> <span class='ocrx_word' id='word_1_231' title='bbox 962 1492 1013 1530; x_wconf 88' lang='lat' dir='ltr'><strong>de</strong></span> <span class='ocrx_word' id='word_1_232' title='bbox 1045 1491 1298 1548; x_wconf 82' lang='lat' dir='ltr'><strong>Coadjutore</strong></span> <span class='ocrx_word' id='word_1_233' title='bbox 1337 1490 1620 1530; x_wconf 85' lang='lat' dir='ltr'><strong>constituendo</strong></span> <span class='ocrx_word' id='word_1_234' title='bbox 1660 1488 1844 1527; x_wconf 81' lang='lat' dir='ltr'><strong>Parocho</strong></span> 
     </span>
     <span class='ocr_line' id='line_1_28' title="bbox 503 1539 1847 1593; baseline -0.005 -9"><span class='ocrx_word' id='word_1_235' title='bbox 503 1543 710 1587; x_wconf 80' lang='lat' dir='ltr'><strong>inhabili,</strong></span> <span class='ocrx_word' id='word_1_236' title='bbox 740 1542 806 1582; x_wconf 89' lang='lat' dir='ltr'><strong>sed</strong></span> <span class='ocrx_word' id='word_1_237' title='bbox 839 1542 889 1583; x_wconf 87' lang='lat' dir='ltr'><strong>de</strong></span> <span class='ocrx_word' id='word_1_238' title='bbox 916 1544 1148 1583; x_wconf 81' lang='lat' dir='ltr'><strong>remotione</strong></span> <span class='ocrx_word' id='word_1_239' title='bbox 1165 1544 1406 1592; x_wconf 77' lang='lat' dir='ltr'><strong>Cappeisani</strong></span> <span class='ocrx_word' id='word_1_240' title='bbox 1438 1555 1507 1593; x_wconf 88' lang='lat' dir='ltr'><strong>per</strong></span> <span class='ocrx_word' id='word_1_241' title='bbox 1535 1539 1847 1582; x_wconf 61' lang='lat' dir='ltr'><strong>duodenniunb</strong></span> 
     </span>
     <span class='ocr_line' id='line_1_29' title="bbox 506 1595 1847 1645; baseline -0.004 -9"><span class='ocrx_word' id='word_1_242' title='bbox 506 1595 664 1636; x_wconf 87' lang='lat' dir='ltr'><strong>retenti</strong></span> <span class='ocrx_word' id='word_1_243' title='bbox 679 1621 692 1639; x_wconf 87' lang='lat'>‚</span> <span class='ocrx_word' id='word_1_244' title='bbox 718 1596 756 1634; x_wconf 55' lang='grc' dir='ltr'><strong>δ’.</strong></span> <span class='ocrx_word' id='word_1_245' title='bbox 772 1596 822 1635; x_wconf 89' lang='lat' dir='ltr'><strong>de</strong></span> <span class='ocrx_word' id='word_1_246' title='bbox 837 1596 1009 1634; x_wconf 81' lang='lat' dir='ltr'><strong>alterius</strong></span> <span class='ocrx_word' id='word_1_247' title='bbox 1026 1595 1301 1645; x_wconf 84' lang='lat' dir='ltr'><strong>deputatione</strong></span> <span class='ocrx_word' id='word_1_248' title='bbox 1316 1620 1329 1639; x_wconf 89' lang='lat'><strong>,</strong></span> <span class='ocrx_word' id='word_1_249' title='bbox 1356 1608 1441 1645; x_wconf 80' lang='lat' dir='ltr'><strong>quae</strong></span> <span class='ocrx_word' id='word_1_250' title='bbox 1467 1595 1556 1633; x_wconf 86' lang='lat' dir='ltr'><strong>fieri</strong></span> <span class='ocrx_word' id='word_1_251' title='bbox 1583 1606 1662 1633; x_wconf 90' lang='lat' dir='ltr'><strong>non</strong></span> <span class='ocrx_word' id='word_1_252' title='bbox 1678 1597 1847 1642; x_wconf 82' lang='lat' dir='ltr'><strong>poterat</strong></span> 
     </span>
     <span class='ocr_line' id='line_1_30' title="bbox 500 1645 1846 1697; baseline -0.005 -8"><span class='ocrx_word' id='word_1_253' title='bbox 500 1647 810 1693; x_wconf 77' lang='lat' dir='ltr'><strong>tumultuarie,</strong></span> <span class='ocrx_word' id='word_1_254' title='bbox 839 1648 877 1687; x_wconf 61' lang='grc' dir='ltr'>ἃ</span> <span class='ocrx_word' id='word_1_255' title='bbox 904 1649 1152 1697; x_wconf 83' lang='lat' dir='ltr'><strong>cumspretu</strong></span> <span class='ocrx_word' id='word_1_256' title='bbox 1189 1647 1483 1687; x_wconf 83' lang='lat' dir='ltr'><strong>inhibitionum</strong></span> <span class='ocrx_word' id='word_1_257' title='bbox 1514 1676 1523 1688; x_wconf 83' lang='grc'><strong>.</strong></span> <span class='ocrx_word' id='word_1_258' title='bbox 1554 1645 1846 1686; x_wconf 62' lang='lat' dir='ltr'><strong>Potiffimum...</strong></span> 
     </span>
     <span class='ocr_line' id='line_1_31' title="bbox 502 1699 1845 1760; baseline -0.004 -20"><span class='ocrx_word' id='word_1_259' title='bbox 502 1700 605 1760; x_wconf 26' lang='lat' dir='ltr'><strong>qnuia</strong></span> <span class='ocrx_word' id='word_1_260' title='bbox 614 1700 838 1758; x_wconf 76' lang='lat' dir='ltr'><strong>processum</strong></span> <span class='ocrx_word' id='word_1_261' title='bbox 870 1712 948 1743; x_wconf 78' lang='lat' dir='ltr'><strong>non</strong></span> <span class='ocrx_word' id='word_1_262' title='bbox 969 1699 1050 1739; x_wconf 87' lang='lat' dir='ltr'><strong>fuit</strong></span> <span class='ocrx_word' id='word_1_263' title='bbox 1078 1713 1148 1749; x_wconf 90' lang='lat' dir='ltr'><strong>per</strong></span> <span class='ocrx_word' id='word_1_264' title='bbox 1166 1700 1333 1739; x_wconf 86' lang='lat' dir='ltr'><strong>modum</strong></span> <span class='ocrx_word' id='word_1_265' title='bbox 1352 1699 1634 1747; x_wconf 85' lang='lat' dir='ltr'><strong>provifionalis</strong></span> <span class='ocrx_word' id='word_1_266' title='bbox 1667 1699 1845 1749; x_wconf 84' lang='lat' dir='ltr'><strong>deputa-</strong></span> 
     </span>
     <span class='ocr_line' id='line_1_32' title="bbox 500 1751 1846 1802; baseline -0.004 -8"><span class='ocrx_word' id='word_1_267' title='bbox 500 1754 628 1794; x_wconf 82' lang='lat' dir='ltr'><strong>tionis</strong></span> <span class='ocrx_word' id='word_1_268' title='bbox 645 1752 816 1790; x_wconf 88' lang='lat' dir='ltr'><strong>interini</strong></span> <span class='ocrx_word' id='word_1_269' title='bbox 835 1751 1047 1790; x_wconf 88' lang='lat' dir='ltr'><strong>Substituti</strong></span> <span class='ocrx_word' id='word_1_270' title='bbox 1066 1777 1078 1796; x_wconf 95' lang='lat'><strong>,</strong></span> <span class='ocrx_word' id='word_1_271' title='bbox 1113 1765 1197 1802; x_wconf 81' lang='lat' dir='ltr'><strong>qua:</strong></span> <span class='ocrx_word' id='word_1_272' title='bbox 1225 1751 1426 1791; x_wconf 85' lang='lat' dir='ltr'><strong>retardari</strong></span> <span class='ocrx_word' id='word_1_273' title='bbox 1453 1752 1600 1801; x_wconf 87' lang='lat' dir='ltr'><strong>nequit</strong></span> <span class='ocrx_word' id='word_1_274' title='bbox 1615 1777 1628 1796; x_wconf 86' lang='lat'><strong>,</strong></span> <span class='ocrx_word' id='word_1_275' title='bbox 1641 1751 1710 1790; x_wconf 87' lang='lat' dir='ltr'><strong>ubi</strong></span> <span class='ocrx_word' id='word_1_276' title='bbox 1726 1759 1846 1790; x_wconf 64' lang='lat' dir='ltr'><strong>eam-v</strong></span> 
     </span>
     <span class='ocr_line' id='line_1_33' title="bbox 503 1802 1846 1853; baseline -0.001 -10"><span class='ocrx_word' id='word_1_277' title='bbox 503 1806 642 1853; x_wconf 83' lang='lat' dir='ltr'><strong>exigat</strong></span> <span class='ocrx_word' id='word_1_278' title='bbox 661 1802 874 1842; x_wconf 69' lang='lat' dir='ltr'><strong>necessitas</strong></span> <span class='ocrx_word' id='word_1_279' title='bbox 892 1803 1137 1852; x_wconf 82' lang='lat' dir='ltr'><strong>providendi</strong></span> <span class='ocrx_word' id='word_1_280' title='bbox 1154 1805 1271 1843; x_wconf 67' lang='lat' dir='ltr'><strong>Curae</strong></span> <span class='ocrx_word' id='word_1_281' title='bbox 1289 1804 1535 1842; x_wconf 88' lang='lat' dir='ltr'><strong>Animarum</strong></span> <span class='ocrx_word' id='word_1_282' title='bbox 1548 1828 1561 1848; x_wconf 93' lang='lat'><strong>,</strong></span> <span class='ocrx_word' id='word_1_283' title='bbox 1591 1803 1659 1842; x_wconf 89' lang='lat' dir='ltr'><strong>sed</strong></span> <span class='ocrx_word' id='word_1_284' title='bbox 1674 1813 1746 1850; x_wconf 88' lang='lat' dir='ltr'><strong>per</strong></span> <span class='ocrx_word' id='word_1_285' title='bbox 1759 1814 1846 1841; x_wconf 86' lang='lat' dir='ltr'><strong>mo·-</strong></span> 
     </span>
     <span class='ocr_line' id='line_1_34' title="bbox 498 1854 1844 1915; baseline -0.004 -18"><span class='ocrx_word' id='word_1_286' title='bbox 498 1859 599 1897; x_wconf 89' lang='lat' dir='ltr'><strong>dum</strong></span> <span class='ocrx_word' id='word_1_287' title='bbox 616 1855 807 1895; x_wconf 68' lang='lat' dir='ltr'><strong>absolut-ee</strong></span> <span class='ocrx_word' id='word_1_288' title='bbox 836 1854 1116 1904; x_wconf 83' lang='lat' dir='ltr'><strong>deputationis</strong></span> <span class='ocrx_word' id='word_1_289' title='bbox 1134 1856 1231 1896; x_wconf 86' lang='lat' dir='ltr'><strong>novi</strong></span> <span class='ocrx_word' id='word_1_290' title='bbox 1249 1855 1495 1915; x_wconf 68' lang='lat' dir='ltr'><strong>Cappellarii</strong></span> <span class='ocrx_word' id='word_1_291' title='bbox 1511 1855 1656 1894; x_wconf 86' lang='lat' dir='ltr'><strong>Curati</strong></span> <span class='ocrx_word' id='word_1_292' title='bbox 1670 1879 1682 1899; x_wconf 93' lang='lat'><strong>‚</strong></span> <span class='ocrx_word' id='word_1_293' title='bbox 1699 1861 1844 1893; x_wconf 79' lang='lat' dir='ltr'><strong>contra</strong></span> 
     </span>
     <span class='ocr_line' id='line_1_35' title="bbox 500 1906 1842 2000; baseline -0.002 -51"><span class='ocrx_word' id='word_1_294' title='bbox 500 1911 769 2000; x_wconf 74' lang='lat' dir='ltr'><strong>volunstatem</strong></span> <span class='ocrx_word' id='word_1_295' title='bbox 787 1907 960 1947; x_wconf 78' lang='lat' dir='ltr'><strong>Parochi</strong></span> <span class='ocrx_word' id='word_1_296' title='bbox 987 1906 1215 1947; x_wconf 76' lang='lat' dir='ltr'><strong>Cardinefli</strong></span> <span class='ocrx_word' id='word_1_297' title='bbox 1242 1921 1325 1976; x_wconf 43' lang='grc' dir='ltr'><strong>ζετο</strong></span> <span class='ocrx_word' id='word_1_298' title='bbox 1341 1910 1392 1948; x_wconf 85' lang='lat' dir='ltr'><strong>de</strong></span> <span class='ocrx_word' id='word_1_299' title='bbox 1406 1907 1577 1958; x_wconf 88' lang='lat' dir='ltr'><strong>antiquo</strong></span> <span class='ocrx_word' id='word_1_300' title='bbox 1591 1908 1842 1954; x_wconf 80' lang='lat' dir='ltr'><strong>Coadjutore</strong></span> 
     </span>
     <span class='ocr_line' id='line_1_36' title="bbox 498 1973 649 2014; baseline -0.02 -12"><span class='ocrx_word' id='word_1_301' title='bbox 498 1975 620 2014; x_wconf 79' lang='lat' dir='ltr'><strong>provi</strong></span> <span class='ocrx_word' id='word_1_302' title='bbox 637 1973 649 1999; x_wconf 90' lang='lat'>1</span> 
     </span>
    </p>

    <p class='ocr_par' dir='ltr' id='par_1_4' title="bbox 555 2013 1451 2063">
     <span class='ocr_line' id='line_1_37' title="bbox 555 2013 1451 2063; baseline 0 -10"><span class='ocrx_word' id='word_1_303' title='bbox 555 2014 842 2063; x_wconf 85' lang='lat' dir='ltr'><strong>Dignabuntur</strong></span> <span class='ocrx_word' id='word_1_304' title='bbox 859 2014 1001 2063; x_wconf 80' lang='lat' dir='ltr'><strong>itaque</strong></span> <span class='ocrx_word' id='word_1_305' title='bbox 1020 2013 1100 2053; x_wconf 85' lang='lat' dir='ltr'><strong>EE.</strong></span> <span class='ocrx_word' id='word_1_306' title='bbox 1117 2015 1212 2055; x_wconf 90' lang='lat' dir='ltr'><strong>VV.</strong></span> <span class='ocrx_word' id='word_1_307' title='bbox 1231 2014 1451 2053; x_wconf 86' lang='lat' dir='ltr'><strong>decernere</strong></span> 
     </span>
    </p>

    <p class='ocr_par' dir='ltr' id='par_1_5' title="bbox 451 2067 1844 2117">
     <span class='ocr_line' id='line_1_38' title="bbox 451 2067 1844 2117; baseline -0.003 -11"><span class='ocrx_word' id='word_1_308' title='bbox 451 2071 484 2111; x_wconf 73' lang='grc' dir='ltr'><strong>Ι.</strong></span> <span class='ocrx_word' id='word_1_309' title='bbox 542 2067 616 2106; x_wconf 85' lang='lat' dir='ltr'><strong>An</strong></span> <span class='ocrx_word' id='word_1_310' title='bbox 627 2068 662 2115; x_wconf 91' lang='lat' dir='ltr'><em>s</em></span> <span class='ocrx_word' id='word_1_311' title='bbox 662 2078 677 2104; x_wconf 86' lang='lat' dir='ltr'><strong>t</strong></span> <span class='ocrx_word' id='word_1_312' title='bbox 688 2067 783 2104; x_wconf 81' lang='lat' dir='ltr'><strong>locus</strong></span> <span class='ocrx_word' id='word_1_313' title='bbox 799 2069 990 2105; x_wconf 80' lang='lat' dir='ltr'><strong>remotioni</strong></span> <span class='ocrx_word' id='word_1_314' title='bbox 1007 2067 1214 2116; x_wconf 66' lang='lat' dir='ltr'><strong>Coppellani</strong></span> <span class='ocrx_word' id='word_1_315' title='bbox 1229 2090 1263 2111; x_wconf 86' lang='grc'>,</span> <span class='ocrx_word' id='word_1_316' title='bbox 1261 2069 1374 2104; x_wconf 84' lang='lat' dir='ltr'><strong>itaut</strong></span> <span class='ocrx_word' id='word_1_317' title='bbox 1388 2069 1656 2107; x_wconf 81' lang='lat' dir='ltr'><strong>deveniendum</strong></span> <span class='ocrx_word' id='word_1_318' title='bbox 1664 2067 1715 2117; x_wconf 84' lang='lat' dir='ltr'><strong>sit</strong></span> <span class='ocrx_word' id='word_1_319' title='bbox 1727 2067 1777 2106; x_wconf 86' lang='lat' dir='ltr'><strong>ad</strong></span> <span class='ocrx_word' id='word_1_320' title='bbox 1785 2077 1844 2103; x_wconf 83' lang='lat' dir='ltr'><strong>no-</strong></span> 
     </span>
    </p>

    <p class='ocr_par' dir='ltr' id='par_1_6' title="bbox 558 2117 1835 2169">
     <span class='ocr_line' id='line_1_39' title="bbox 558 2117 1835 2169; baseline -0.002 -11"><span class='ocrx_word' id='word_1_321' title='bbox 558 2133 645 2158; x_wconf 85' lang='lat' dir='ltr'><strong>vam</strong></span> <span class='ocrx_word' id='word_1_322' title='bbox 662 2121 932 2168; x_wconf 75' lang='lat' dir='ltr'><strong>deputationem</strong></span> <span class='ocrx_word' id='word_1_323' title='bbox 945 2120 1153 2169; x_wconf 76' lang='lat' dir='ltr'><strong>Cappellani</strong></span> <span class='ocrx_word' id='word_1_324' title='bbox 1172 2122 1301 2159; x_wconf 79' lang='lat' dir='ltr'><strong>Curati</strong></span> <span class='ocrx_word' id='word_1_325' title='bbox 1312 2117 1334 2156; x_wconf 65' lang='grc' dir='ltr'><strong><em>ἓ</em></strong></span> <span class='ocrx_word' id='word_1_326' title='bbox 1834 2137 1835 2140; x_wconf 41' lang='lat'>¹</span> 
     </span>
    </p>

    <p class='ocr_par' dir='ltr' id='par_1_7' title="bbox 455 2171 1838 2227">
     <span class='ocr_line' id='line_1_40' title="bbox 455 2171 1838 2227; baseline 0.002 -17"><span class='ocrx_word' id='word_1_327' title='bbox 455 2176 509 2219; x_wconf 70' lang='grc' dir='ltr'><strong>ΙΙ,</strong></span> <span class='ocrx_word' id='word_1_328' title='bbox 548 2171 623 2210; x_wconf 80' lang='lat' dir='ltr'><strong>An</strong></span> <span class='ocrx_word' id='word_1_329' title='bbox 640 2173 768 2222; x_wconf 81' lang='lat' dir='ltr'><strong>constet</strong></span> <span class='ocrx_word' id='word_1_330' title='bbox 795 2174 842 2211; x_wconf 82' lang='lat' dir='ltr'><strong>de</strong></span> <span class='ocrx_word' id='word_1_331' title='bbox 856 2176 1046 2212; x_wconf 77' lang='lat' dir='ltr'><strong>attentatis</strong></span> <span class='ocrx_word' id='word_1_332' title='bbox 1058 2197 1072 2217; x_wconf 89' lang='lat'><strong>,</strong></span> <span class='ocrx_word' id='word_1_333' title='bbox 1103 2176 1147 2227; x_wconf 61' lang='grc' dir='ltr'><strong>ὠ·</strong></span> <span class='ocrx_word' id='word_1_334' title='bbox 1163 2173 1332 2224; x_wconf 81' lang='lat' dir='ltr'><strong>quomodo</strong></span> <span class='ocrx_word' id='word_1_335' title='bbox 1348 2173 1425 2222; x_wconf 82' lang='lat' dir='ltr'><strong>fint</strong></span> <span class='ocrx_word' id='word_1_336' title='bbox 1437 2173 1506 2213; x_wconf 73' lang='lat' dir='ltr'><strong>illa</strong></span> <span class='ocrx_word' id='word_1_337' title='bbox 1517 2173 1708 2224; x_wconf 80' lang='lat' dir='ltr'><strong>purganda</strong></span> <span class='ocrx_word' id='word_1_338' title='bbox 1723 2197 1738 2219; x_wconf 86' lang='lat'><strong>,</strong></span> <span class='ocrx_word' id='word_1_339' title='bbox 1763 2173 1838 2213; x_wconf 70' lang='lat' dir='ltr'><strong>itt-</strong></span> 
     </span>
    </p>
   </div>
   <div class='ocr_carea' id='block_1_2' title="bbox 555 2225 744 2274">
    <p class='ocr_par' dir='ltr' id='par_1_8' title="bbox 555 2225 744 2274">
     <span class='ocr_line' id='line_1_41' title="bbox 555 2225 744 2274; baseline -0.032 0"><span class='ocrx_word' id='word_1_340' title='bbox 555 2225 640 2274; x_wconf 83' lang='lat' dir='ltr'><strong>casu</strong></span> <span class='ocrx_word' id='word_1_341' title='bbox 668 2226 744 2270; x_wconf 63' lang='grc' dir='ltr'><strong>(ἕνα.</strong></span> 
     </span>
    </p>
   </div>
   <div class='ocr_carea' id='block_1_3' title="bbox 548 2379 1294 2438">
    <p class='ocr_par' dir='ltr' id='par_1_9' title="bbox 548 2379 1294 2438">
     <span class='ocr_line' id='line_1_42' title="bbox 548 2379 1294 2438; baseline 0.004 -15"><span class='ocrx_word' id='word_1_342' title='bbox 548 2397 550 2411; x_wconf 71' lang='lat'>³</span> <span class='ocrx_word' id='word_1_343' title='bbox 607 2379 708 2424; x_wconf 85' lang='lat' dir='ltr'><strong>Non</strong></span> <span class='ocrx_word' id='word_1_344' title='bbox 721 2383 925 2436; x_wconf 77' lang='lat' dir='ltr'><strong>propofita</strong></span> <span class='ocrx_word' id='word_1_345' title='bbox 943 2407 957 2428; x_wconf 69' lang='lat'>2</span> <span class='ocrx_word' id='word_1_346' title='bbox 985 2398 1080 2427; x_wconf 85' lang='lat' dir='ltr'><strong>cum</strong></span> <span class='ocrx_word' id='word_1_347' title='bbox 1097 2385 1294 2438; x_wconf 60' lang='lat' dir='ltr'><strong>reiiquis.</strong></span> 
     </span>
    </p>
   </div>
   <div class='ocr_carea' id='block_1_4' title="bbox 1720 2742 1832 2792">
    <p class='ocr_par' dir='ltr' id='par_1_10' title="bbox 1720 2742 1832 2792">
     <span class='ocr_line' id='line_1_43' title="bbox 1720 2742 1832 2792; baseline -0.054 -7"><span class='ocrx_word' id='word_1_348' title='bbox 1720 2742 1832 2792; x_wconf 55' lang='lat' dir='ltr'><strong>,BUR2</strong></span> 
     </span>
    </p>
   </div>
  </div>
 </body>
</html>
