1934 2954
565 113 635 149 162

563 163 833 210 expleverunt
850 189 864 209 ‚
880 173 924 202 ut
943 164 1097 212 legitur
1115 163 1155 202 in
1176 162 1445 202 Instrumento
1463 163 1648 202 Procurae
1667 184 1679 207 ‚
1698 166 1756 200 uti
1770 160 1900 199 Fidei-

566 216 795 266 commiffarii
809 243 821 262 ‚
836 218 909 266 seu
923 216 1255 265 Administratores
1275 216 1302 251 C
1305 218 1558 254 anonicatuum
1572 218 1616 254 de
1631 215 1896 265 Jurepoetrona-

567 280 623 308 tus
640 271 793 320 institut.
809 296 821 314 ,
839 274 883 314 ὠ·
898 272 999 308 eretz.
1032 273 1070 306 in
1080 271 1147 307 hac
1164 267 1323 317 Ecclesia
1342 269 1556 308 Cathedrali
1564 279 1629 319 per
1643 271 1680 309 d.
1689 271 1739 307 D.
1747 270 1896 317 Capita-

566 336 671 361 neum
686 325 837 361 Petrum
851 323 1064 372 Bastelicam
1078 351 1087 360 .
1274 345 1279 354 ι

518 371 714 414 Alterum
733 388 780 414 ex
799 374 919 415 distis
938 372 1257 414 Canonicatibus
1286 373 1420 412 liberae
1445 372 1696 414 Collationis
1726 374 1899 424 postmo-

562 428 660 466 dum
677 427 905 478 assequutus
924 429 977 467 est
1007 427 1116 466 idem
1130 425 1316 474 Ignatius
1342 426 1551 466 Antonius
1567 427 1761 467 Cervotti
1776 452 1789 471 ,
1817 424 1889 474 qui

562 493 613 519 ne
629 490 846 530 cogeretur
874 480 923 520 ad
937 478 1198 519 residentiam
1214 479 1411 518 accedere
1427 504 1440 523 ‚
1465 480 1629 529 supplex
1644 480 1772 519 adivit
1788 482 1891 517 hanc

564 532 729 572 Sacram
744 533 1118 584 congregationem
1135 556 1148 574 ‚
1179 532 1217 572 8<
1245 542 1405 571 narrata
1432 532 1667 572 neceffitate
1698 530 1893 571 manendi

564 586 604 625 in
620 585 730 626 Urbe
748 599 819 631 pro
832 584 1093 625 sollicitanda
1112 584 1189 625 lite
1210 584 1439 634 Capitulari
1457 609 1469 629 ‚
1503 587 1617 631 juxta
1635 584 1812 624 Cur-ialis
1830 592 1894 622 at-

563 639 825 679 testationem
843 665 856 684 ‚
875 651 996 689 quam
1008 637 1192 677 exhibuit
1214 649 1307 676 cum
1323 637 1516 678 mandato
1533 638 1717 677 Procurae
1731 663 1743 682 ,
1760 638 1890 685 postu-

561 692 668 732 lavit
695 691 903 732 indultum
918 689 1121 730 abessendi
1137 703 1158 729 a
1175 689 1311 729 Choro
1330 717 1339 735 ,
1375 703 1468 729 cum
1485 691 1748 741 exemptione
1777 701 1799 727 a
1814 687 1892 728 fal-

564 744 709 784 lentiis
727 769 740 788 ‚
769 746 806 784 ὃς
821 757 916 783 cum
932 743 1250 793 participatione
1280 744 1608 783 distributionum
1625 758 1639 784 ,-
1670 753 1795 794 atque
1821 740 1890 781 die

567 811 627 836 ιο.
644 797 853 836 Februarii
873 810 986 843 1759.
1015 796 1136 834 Sacra
1160 803 1242 835 neec
1268 795 1547 846 Congregatio
1563 822 1575 841 ‚
1605 800 1754 834 attentis
1781 794 1891 831 Man-

564 851 648 886 dato
664 850 835 887 Procurae
851 849 1011 898 Capituli
1026 873 1040 892 ,
1070 851 1112 891 ἶς’
1125 850 1348 898 attestatione
1379 852 1630 888 procuratoris
1646 848 1806 888 curialis
1823 847 1892 895 su·-

558 910 626 950 per
635 902 829 949 pendentia
842 901 919 939 litis
931 927 944 947 ,
973 902 1120 949 benigne
1132 901 1278 950 indulsit
1295 903 1451 940 Oratore·
1463 929 1475 947 ,
1502 914 1544 940 ut
1570 917 1590 940 a
1617 904 1806 952 restdentia
1824 900 1889 948 sui

565 954 803 991 canonicatus
813 963 879 1003 per
892 965 964 992 tres
981 954 1111 1002 menses
1125 963 1272 992 tantum
1285 979 1297 999 ,
1317 956 1351 1004 st
1364 957 1496 993 tandiu
1522 957 1675 1006 expafita
1690 955 1798 1002 caasa
1810 953 1890 991 litis

554 1008 820 1056 perduraverit
837 1033 848 1051 ,
867 1005 983 1061 juxta
994 1011 1113 1056 petita
1140 1007 1381 1056 aheffipfft:
1411 1018 1454 1047 ut
1474 1009 1513 1047 in
1540 1009 1608 1048 lib.
1630 1023 1717 1057 109.
1734 1009 1885 1045 Decret.

551 1067 636 1110 pag.
658 1072 720 1106 59.
735 1072 750 1098 5
781 1058 962 1110 aliasque
980 1060 1175 1109 deinceps
1201 1059 1381 1100 obtinuit
1411 1061 1719 1112 prorogationes
1737 1059 1788 1099 ad
1803 1057 1889 1097 for-

555 1122 668 1150 mam
679 1112 949 1161 praecedentis
968 1111 1127 1151 Indulti
1142 1142 1151 1152 .
1374 1148 1376 1151 ,

502 1163 663 1203 Verum
677 1164 816 1204 mense
827 1164 1077 1215 Septembris
1101 1178 1214 1214 1759.
1231 1190 1243 1210 ‚
1271 1179 1352 1216 quo
1381 1165 1573 1207 facienda
1588 1174 1676 1205 erat
1705 1163 1890 1204 distribu-

553 1216 719 1256 tionum
735 1218 953 1266 repartitio
968 1245 981 1264 ,
1006 1219 1144 1257 renuit
1169 1219 1410 1269 Capitulum
1440 1220 1672 1268 portionem
1689 1215 1887 1257 Canonici

555 1270 754 1309 Cervotti
783 1270 894 1310 illius
920 1273 1076 1321 Agenti
1095 1273 1254 1311 tradere
1274 1298 1287 1317 ‚
1325 1272 1452 1311 immo
1465 1274 1513 1311 ab
1526 1286 1574 1312 eo
1589 1271 1713 1321 petiit
1738 1268 1891 1309 fallen-

554 1321 636 1361 tias
656 1323 817 1362 ratione
835 1323 1022 1363 absentiae
1041 1324 1223 1363 incursas
1238 1351 1250 1370 ,
1282 1337 1378 1375 quas
1397 1325 1469 1364 ille
1481 1325 1552 1365 die
1570 1330 1632 1364 28.
1660 1322 1761 1362 disti
1776 1333 1891 1363 men-

555 1374 604 1413 fis
622 1373 872 1422 Septembris
899 1376 1091 1425 deposuit
1106 1388 1230 1424 penes
1243 1377 1550 1417 Cancellarium
1571 1377 1705 1417 Curiae
1719 1375 1888 1423 Episco-

554 1425 659 1476 palis
690 1426 730 1464 in
746 1428 983 1478 quantitate
1001 1429 1194 1468 librarum
1217 1436 1333 1471 162.‚·
1364 1433 1402 1471 ὃ(
1430 1432 1518 1470 afta
1547 1430 1696 1470 deinde
1723 1426 1883 1467 Causa-‚-

552 1490 696 1518 coram
713 1479 939 1529 Episcopo,
969 1482 1001 1520 is
1033 1481 1100 1521 die
1132 1484 1259 1531 prima
1278 1483 1469 1525 Octobris
1486 1484 1538 1522 >in
1561 1477 1883 1522 contradistorio

542 1531 740 1572 *Partium
754 1531 943 1574 decrevit
970 1533 1111 1574 favore
1128 1535 1311 1583 Capituli
1326 1536 1671 1585 consignationem
1685 1530 1880 1588 depositi.

553 1584 806 1624 Provocavit
844 1587 891 1625 ad
921 1589 1024 1625 hanc
1050 1588 1211 1627 Sacram
1241 1588 1611 1637 congregationem
1650 1586 1882 1625 eanonicus
1927 1603 1931 1605 ‡

552 1636 751 1675 Cervotti
772 1663 783 1682 ,
816 1640 1096 1686 appellatione
1129 1653 1166 1678 in
1196 1641 1297 1680 anis
1324 1640 1454 1679 Curiae
1470 1638 1720 1688 Ep1scopalis
1751 1637 1882 1675 inter-

554 1688 682 1737 pofita
698 1687 766 1728 die
780 1702 819 1737 4.
836 1690 1077 1730 Decembris
1093 1717 1106 1736 ,
1130 1705 1251 1743 quam
1279 1703 1416 1732 tamen
1446 1693 1509 1731 uti
1540 1690 1761 1731 serotinam
1785 1687 1883 1736 Epi-
1918 1721 1920 1725 ,

553 1741 695 1788 scopus
721 1742 868 1797 rejecit
900 1771 909 1782 .
952 1744 1094 1794 Atque
1122 1745 1278 1785 interea
1310 1745 1447 1783 Romae
1473 1755 1712 1792 permaneus
1742 1767 1755 1785 s
1783 1741 1880 1781 die-2

557 1791 818 1840 12.Januar1i
847 1799 959 1841 1760.
985 1807 1133 1834 novam
1163 1798 1343 1835 obtinuit
1370 1798 1706 1846 prorogationem
1729 1792 1882 1834 indulti

551 1841 783 1888 abeffendi‚
811 1847 981 1886 reticita
1010 1856 1149 1887 tamen
1167 1848 1245 1888 lite
1268 1850 1385 1898 super
1408 1847 1754 1888 distributionibus
1782 1859 1883 1895 pen·
1923 1859 1925 1861 ·

548 1897 704 1954 dente}
734 1897 968 1950 pluriesque
998 1899 1149 1940 deinde
1171 1902 1325 1940 obtulit
1343 1913 1482 1951 preces
1499 1925 1512 1944 ‚
1544 1911 1588 1940 ut
1606 1900 1742 1939 Roma:
1767 1909 1882 1937 com-

550 1962 706 1988 morari
721 1948 847 1998 poffet
876 1965 948 2001 pro
964 1953 1120 2002 agenda
1134 1953 1241 1993 dista
1262 1955 1337 1994 lite
1353 1953 1695 1993 Distributionum
1708 1966 1723 1993 3
1752 1952 1790 1991 δε
1808 1962 1882 1989 no-

550 2002 615 2041 vis
642 2000 811 2042 demum
837 2005 1028 2055 allegatis
1043 2006 1195 2050 causis,
1224 2007 1291 2047 die
1319 2021 1355 2054 7.
1373 2006 1482 2056 Junii
1500 2006 1679 2051 ejusdem
1693 2002 1786 2044 anni
1803 2003 1881 2043 im-

547 2054 731 2103 petravit
746 2056 860 2095 aliud
878 2057 1087 2097 indultum
1101 2058 1298 2099 abessendi
1316 2062 1365 2097 ad
1379 2070 1531 2109 quatuor
1545 2059 1675 2107 menses
1690 2067 1831 2096 tantum
1843 2085 1854 2095 .

495 2107 746 2154 Supervenit
777 2109 945 2149 tandem
966 2110 1155 2160 Episcopi
1181 2113 1335 2152 relatio
1360 2113 1476 2160 super
1504 2109 1878 2154 distributionibus,

545 2170 718 2217 quarum
733 2163 851 2201 causa
866 2175 971 2202 nunc
986 2165 1228 2212 proponitur
1244 2195 1253 2204 .
1271 2165 1326 2205 Et
1340 2164 1522 2214 disputat
1534 2163 1764 2203 Canonicus
1778 2159 1878 2200 Cer·

544 2220 686 2257 vott1‚
702 2213 772 2252 fibi
787 2214 935 2255 dandas
956 2215 1032 2257 effe
1048 2215 1367 2261 distributiones,
1385 2230 1463 2257 non
1480 2217 1658 2256 obstante
1675 2213 1875 2255 absentias

546 2267 639 2304 tum
655 2266 753 2316 quia
765 2265 896 2306 abfuit
912 2280 984 2318 pro
998 2270 1150 2321 tuenda
1168 2270 1246 2310 lite
1259 2270 1444 2319 Capituli
1461 2295 1474 2314 ‚
1493 2282 1516 2309 a
1530 2282 1610 2320 quo
1632 2266 1875 2308 constitutus

542 2315 679 2356 fuerat
697 2317 921 2359 Procurato
937 2345 951 2365 ‚
970 2330 1016 2360 ut
1033 2322 1203 2362 tradunt
1218 2321 1384 2372 Fagnan.
1403 2327 1445 2362 in
1460 2332 1534 2373 cap.
1564 2322 1652 2362 licet
1675 2322 1869 2364 nnma67.

541 2370 791 2428 deJ’raebend.
810 2396 823 2416 ‚
843 2375 886 2417 ὠ·
899 2374 1047 2423 Barbas.
1063 2376 1108 2412 de
1123 2377 1292 2414 Canania.
1310 2386 1456 2426 eap.24.
1476 2388 1643 2415 numm.
1663 2397 1678 2417 ‚
1708 2371 1746 2410 &
1777 2383 1884 2410 cen--

543 2423 629 2461 suit
653 2425 730 2473 hec
760 2424 880 2465 Sacra
904 2425 1183 2478 Congregatio
1198 2431 1238 2466 in
1268 2430 1401 2470 Collen.
1434 2433 1497 2468 28.
1529 2427 1723 2468 Februarii
1737 2427 1883 2481 56⁶5.-

543 2475 609 2514 lib.
629 2489 689 2524 24
721 2479 818 2517 dere.
844 2488 928 2529 pag.
956 2484 1051 2528 436.
1081 2493 1096 2521 3
1123 2489 1214 2520 turn
1245 2481 1386 2521 etiam>
1404 2480 1498 2531 quia
1527 2476 1706 2528 speciale
1735 2475 1871 2515 indul-

544 2535 636 2564 tum
664 2529 867 2586 abessendi
893 2532 1041 2583 absque
1077 2533 1258 2573 clausula
1291 2531 1512 2575 amiffionis
1546 2528 1887 2568 distributionum.

544 2588 694 2625 appom
710 2582 831 2623 solita
848 2610 861 2630 ‚
890 2584 957 2624 ubi
974 2585 1057 2625 istae-
1078 2598 1160 2625 non
1190 2585 1419 2630 debentur,
1449 2581 1695 2629 impetravit
1719 2581 1769 2619 ab
1795 2582 1871 2620 ΜΕ

545 2628 668 2669 Sacra
692 2632 1054 2689 Congregatione‚
1084 2647 1131 2680 ut
1142 2638 1280 2684 firmat
1293 2636 1439 2686 Barba-fi
1453 2635 1499 2673 de
1516 2635 1682 2674 Cauanic.
1699 2641 1778 2683 cap.
1795 2645 1859 2681 24.

538 2693 637 2719 num.
662 2695 721 2726 13.
1294 2707 1300 2710 -
1382 2706 1383 2709 =
1482 2691 1485 2695 *

1778 2734 1873 2776 Nec
