1934 2954
1351 134 1364 158 1

80 167 164 208 illas
179 170 370 219 respefffive
391 168 530 215 praevio
560 165 730 214 concurfic
757 167 988 209 invitandis,
1024 168 1272 219 coadjuvandi
1298 134 1419 211 purg}

82 225 186 261 chum
204 223 401 260 Plebanum
427 229 489 268 pro
504 229 657 268 tempore
671 219 875 267 exzstentem
902 223 940 255 in
971 224 1144 256 exercitio
1175 224 1277 259 Curae
1300 225 1411 264 Ani-

83 288 223 314 marum
237 301 249 319 ,
268 274 415 322 semper
435 282 555 309 tamen
569 296 580 315 ‚
611 275 653 315 Θ
668 275 706 309 in
721 273 876 308 omnibus
902 273 1142 320 dependenter
1157 275 1199 309 ab
1215 277 1284 321 ipso
1301 305 1310 314 .

36 316 316 376 Putatitaque
334 325 554 373 Episcopus
585 324 823 373 spernendas
840 323 914 363 effe
932 324 1248 363 Recurrentium
1269 340 1414 376 quere-

85 380 147 418 las
162 405 176 425 ,
205 381 279 416 hac
298 376 470 416 addufta
488 378 645 416 ratione
662 401 674 419 ‚
699 380 806 426 quiam
837 377 991 424 nonsola
1006 376 1170 426 Ecclefiae
1191 387 1382 427 paupertas
1403 406 1417 426 ‚

73 431 148 481 sed
161 432 306 468 evidens
329 434 438 467 etiam
450 428 553 467 illius
568 430 711 467 utilitas
728 455 740 474 ,
770 427 886 480 qualis
901 430 1053 479 proserii&
1064 429 1324 478 estjmgiorum
1349 434 1418 469 im·-

81 483 329 533 pedimentum
346 507 359 527 ,
378 481 681 536 justampraebeat
696 482 878 530 explendae
891 485 1031 520 unionis
1061 483 1204 530 causam
1233 496 1242 520 ε
1284 484 1415 533 Populi

84 537 337 582 neceffitatibus
358 537 470 584 magis
487 534 684 584 confidtum
703 536 755 584 stt
767 543 832 583 per
844 537 1061 583 acceffionem
1091 536 1245 573 duorum
1265 537 1417 586 Cappel-

83 587 249 625 lanarum
264 589 424 626 Parocho
440 585 880 640 coadjuvantiuthajor
897 587 1026 636 Populi
1037 596 1120 637 pars
1136 591 1259 625 unioni
1279 594 1420 640 acquie-

71 640 184 690 scat:
200 640 253 677 Et
268 639 404 693 majora
421 643 526 691 qudm
539 651 646 680 antea
649 640 782 687 flaura
787 641 860 689 fint
863 640 1043 688 scandala
1060 666 1073 686 ,
1088 651 1260 691 quatenus
1278 643 1413 692 consta-
1437 658 1439 660 ·

84 693 230 730 bilitam
251 697 412 732 unionem
423 694 580 742 rescindi
597 696 817 740 contingeret
831 722 840 732 .

27 741 133 786 Haec
150 745 369 795 Episcopus
383 745 422 784 in
439 746 505 784 sua
522 744 741 786 Relatione
761 773 770 784 .
804 745 993 786 Vicarius
1010 752 1150 791 autem
1169 746 1383 786 Generalis
1402 769 1417 789 ‚

80 798 292 837 occasione
308 810 506 837 novarum
521 808 688 845 precum
712 798 758 836 ab
774 797 1018 837 Oratoribus
1039 798 1331 843 exhibitarum,
1352 799 1413 837 bi-

79 862 153 889 nas
171 849 287 889 dedit
305 850 501 897 Epistolas
523 850 572 889 ad
589 852 691 889 hanc
711 849 876 889 Sacram
891 850 1290 900 Congregationem‚
1320 863 1417 902 qua-

83 914 178 942 rum
195 902 326 951 prima
345 901 464 941 falsas
481 902 586 941 dicit
611 902 926 943 Recurrentium
956 904 1144 954 querelas
1163 929 1175 946 ‚
1208 903 1315 954 quod
1349 904 1412 941 ni-

83 967 156 995 ves
175 978 188 998 ‚
214 954 310 1004 gelu
328 980 341 1000 ‚
382 955 420 994 Sc
435 954 584 1004 pluviae
612 954 826 994 difficilem
843 956 1013 995 reddant
1034 953 1234 995 acceffum
1262 955 1311 995 ad
1340 956 1418 994 Ec-

86 1007 253 1046 clefiam
271 1007 308 1046 S.
326 1007 508 1046 Ginnefii
523 1021 539 1047 ,ς
569 1007 900 1058 quandoquidem
926 1009 1109 1057 hyemali
1125 1017 1312 1057 tempore
1328 1008 1419 1045 fun-

84 1059 243 1098 &iones
272 1071 415 1099 omnes
443 1060 493 1098 ad
510 1058 685 1098 formam
704 1060 863 1099 unionis
895 1061 1109 1110 explentur
1142 1060 1182 1098 in
1207 1060 1416 1099 Ecclesiam

88 1112 243 1151 Samstae
260 1110 406 1151 Mariae
426 1123 435 1149 :
463 1112 532 1151 via
549 1120 690 1152 autern
707 1138 720 1157 ,
750 1126 835 1162 quae
850 1125 918 1162 per
937 1113 1128 1151 milliaris
1147 1113 1419 1163 quadrantem

87 1163 208 1203 ducit
224 1163 273 1202 ad
291 1163 330 1203 S.
352 1164 589 1203 Ginnefium
608 1191 620 1210 ,
648 1165 766 1212 plana
783 1167 837 1204 est
851 1190 864 1209 ‚
877 1178 921 1205 ac
932 1165 1138 1203 arboribus
1152 1163 1304 1203 referta
1318 1190 1329 1209 ‚
1353 1176 1437 1207 ne-v

92 1228 172 1265 que
197 1216 249 1255 ob
264 1216 372 1255 Solis
394 1217 528 1256 radios
559 1217 819 1256 incommoda
835 1217 909 1257 effe
925 1218 1080 1267 poterit
1108 1217 1265 1266 Populo
1281 1240 1294 1259 ‚
1324 1229 1424 1264 prae-

90 1267 238 1308 sertim
252 1269 399 1308 rustico
413 1282 429 1309 5
458 1269 498 1308 in
516 1270 648 1309 altera
666 1279 807 1309 autem
823 1270 947 1309 variis
963 1269 1224 1318 praetextibus
1239 1270 1424 1308 causatur

89 1320 317 1368 suspensam
337 1321 611 1371 praefixionem
631 1322 800 1361 termini
819 1321 1009 1361 intereffe
1024 1321 1280 1364 habentibus,
1300 1332 1418 1370 quam

87 1371 255 1419 iusserat
273 1373 395 1412 Sacra
409 1373 686 1424 Congregatio
703 1400 715 1420 ,
745 1383 791 1412 ut
812 1386 950 1413 coram
966 1375 1046 1423 ipsa
1059 1376 1149 1419 jura
1165 1373 1230 1410 sua
1247 1373 1423 1411 deduce-

89 1433 184 1464 rent
202 1437 211 1462 :
230 1425 269 1463 8<
285 1426 506 1465 arbitratur
521 1426 823 1465 rescribendum
844 1425 920 1465 effe
939 1453 950 1471 ‚
968 1426 1074 1477 quod
1091 1426 1291 1464 Oratores
1309 1436 1424 1462 utan-

89 1484 162 1516 tur
176 1478 268 1521 jure
283 1477 353 1516 suo
367 1489 506 1516 coram
524 1478 747 1518 Ordinatio
763 1503 775 1522 ‚
793 1478 862 1518 cui
876 1479 1024 1528 primas
1044 1478 1264 1517 Causarum
1282 1478 1402 1515 instau
1419 1497 1428 1503 ι

91 1527 173 1568 tias
203 1529 417 1577 praeservat
445 1530 614 1570 Sacrum
629 1530 866 1570 Concilium
883 1530 1180 1570 Tridentinum
1209 1530 1341 1577 insess.
1362 1543 1423 1577 24.

94 1583 291 1630 cap.20.de
306 1582 512 1630 Reformat.

40 1635 249 1681 Oratores
266 1642 407 1673 autem
424 1635 463 1674 in
481 1635 811 1675 circumferendo
824 1636 970 1675 libello
987 1634 1184 1673 differunt
1197 1659 1209 1678 ‚
1224 1645 1303 1672 non
1321 1632 1429 1670 Cau-

91 1685 176 1724 sam
189 1686 254 1735 agi
271 1686 409 1735 primae
430 1686 625 1726 instantiae
642 1712 654 1731 ‚
682 1687 751 1727 sed
770 1687 1057 1737 appellationis
1074 1713 1086 1732 ‚
1117 1698 1238 1736 quam
1268 1685 1335 1733 ipfi
1352 1686 1422 1722 im.

92 1735 214 1776 Sacra
231 1737 563 1788 Congregatione
594 1741 891 1790 prosequuntur
921 1748 1065 1777 contra
1091 1737 1305 1776 decretum
1335 1736 1431 1784 Epr-

94 1788 205 1838 scopi
222 1812 236 1832 ‚
263 1802 343 1839 quo
361 1789 400 1827 in
416 1789 868 1836 PastoraliVifitatione
882 1789 1144 1829 Parochiales
1164 1813 1177 1831 ‚
1208 1789 1246 1827 &
1260 1787 1429 1827 Confra-

92 1841 319 1879 ternitates
332 1840 468 1879 univit
487 1865 500 1884 ‚
531 1842 568 1880 8<
587 1841 681 1880 ideo
698 1843 911 1880 censuram
925 1841 1035 1878 Sacri
1049 1839 1230 1878 Concilii
1247 1839 1428 1877 Triden-

96 1891 181 1932 tini
197 1896 236 1929 in
250 1892 598 1941 d.sess.24.cap.20.
631 1893 932 1942 impedimento
962 1904 1041 1932 non
1066 1892 1141 1931 elle
1159 1916 1171 1934 ‚
1211 1891 1427 1941 quominus

95 1944 141 1983 in
157 1942 283 1992 gradu
299 1944 588 1992 appellationis
622 1954 862 1994 reparentur
881 1945 1116 1995 gravamina
1133 1944 1242 1981 disto
1259 1943 1428 1982 decreto

94 1995 360 2037 Vifitationis
375 1995 491 2037 illata
509 2025 519 2035 .
551 1997 604 2035 Et
623 2008 765 2037 revera
777 2005 966 2046 gravatos
983 1998 1022 2035 se
1041 1994 1157 2034 fuisse
1175 1996 1433 2034 contendunt

93 2058 168 2099 per
186 2046 544 2090 unionemfaetam
569 2047 740 2088 decreto
773 2048 1055 2090 visitationis,-
1085 2047 1178 2098 quia
1207 2046 1424 2086 Parochia-

97 2111 190 2140 rum
208 2099 305 2139 unio
320 2099 554 2139 Ordinariis
571 2100 760 2140 facienda
774 2101 1049 2150 permittitur,
1065 2101 1116 2138 ob
1132 2099 1297 2139 illarum
1312 2099 1427 2138 dum-

97 2161 212 2193 taxat
227 2159 514 2202 paupertatem
531 2176 544 2197 ,
573 2153 699 2195 autin
717 2153 876 2192 caeteris
904 2153 1050 2192 cafibus
1065 2152 1217 2197 dejure
1232 2151 1429 2201 permiffis

98 2205 284 2253 excausa
300 2204 581 2251 neceffitatis,
609 2205 676 2244 vel
707 2205 914 2245 evidentis
941 2203 1141 2244 utilitatis
1159 2228 1174 2248 ‚
1198 2206 1314 2250 juxta
1338 2216 1431 2243 cen-

97 2257 234 2297 suram
251 2256 363 2297 Sacri
380 2256 564 2296 Concilii
583 2256 823 2297 Tridentini
841 2261 878 2297 in
879 2258 1037 2307 sest-21·
1057 2265 1133 2306 cap.
1142 2267 1177 2300 5.
1191 2259 1235 2295 de
1249 2256 1432 2303 Reform.‚‘

100 2311 143 2350 &
159 2317 375 2359 propterea
389 2308 637 2357 opinantur,
661 2310 750 2356 jure
765 2309 853 2349 fieri
877 2312 925 2349 ab
948 2310 1146 2360 Episcopo
1174 2306 1430 2359 nequiviffoe

100 2362 298 2401 unionem
314 2360 618 2402 Parochialium
633 2362 794 2403 ratione
807 2361 1059 2412 paupertatis
1079 2387 1092 2406 ‚
1121 2372 1243 2411 quam
1267 2359 1428 2400 deesse,

99 2416 247 2463 probat
275 2414 402 2463 ipsum
429 2413 658 2456 Decretum
685 2414 845 2457 unionis
873 2440 888 2461 ,
915 2417 1008 2454 cum
1035 2411 1190 2451 fruetus
1219 2413 1328 2453 haud
1355 2425 1429 2451 cu·-

104 2465 330 2508 mulaverit
344 2465 485 2505 favore
499 2465 719 2516 superstitis
736 2466 995 2512 Parochi‚sed
1009 2465 1214 2506 Parochiae
1227 2462 1432 2515 suppreffae

105 2518 370 2558 Praebendam
388 2518 526 2557 divifit
542 2519 582 2557 in
596 2517 698 2558 duos
711 2518 986 2569 Cappellanos
1001 2517 1271 2564 Coadjutores
1291 2547 1301 2561 .,

52 2569 270 2622 Minusque
285 2570 477 2610 unionem
496 2570 662 2611 defendi
691 2570 799 2621 posse
816 2571 1065 2610 arbitrantur
1082 2570 1241 2610 ratione
1270 2569 1431 2609 utilita-

108 2623 165 2663 tis
183 2646 197 2666 ,
226 2622 276 2660 ob
289 2623 516 2673 jurgiorum
531 2622 878 2674 impedimentum
893 2647 907 2667 ,
936 2631 982 2662 ut
999 2622 1158 2662 censuit
1181 2622 1398 2676 Episcopus
1411 2635 1429 2661 ,-

109 2673 202 2726 quia
218 2682 362 2721 praeter
374 2688 498 2725 quam
514 2676 622 2728 quod
648 2675 780 2729 jurgia
796 2675 935 2727 potius
961 2687 1010 2717 ex
1024 2675 1175 2716 unione
1187 2699 1203 2722 ,
1228 2685 1349 2726 quam
1380 2685 1429 2713 ex

156 2727 256 2774 Z'om.
272 2727 418 2767 XXXI.
837 2728 867 2768 B
882 2728 906 2767 b
1316 2725 1429 2766 divi*
