1934 2954
503 108 718 194 mooosynam
736 156 916 195 quaerere
942 144 983 185 in
1001 143 1133 185 Terra
1148 141 1300 183 Morrae
1319 149 1329 182 3
1357 143 1598 186 &nonnulli
1618 145 1848 190 declarant,

505 211 595 238 eam
614 210 693 237 non
707 197 823 239 fuifle
847 198 999 239 ibidem
1014 211 1036 237 a
1051 195 1324 246 Cappuccinis
1338 200 1605 248 conquisitam
1621 198 1847 242 ordinarie,

501 252 570 294 sed
589 251 930 296 extraordinarie,
947 261 1137 299 tempore
1152 248 1377 307 praesertim
1392 253 1524 290 meffis
1542 276 1555 296 ‚
1574 253 1741 304 ipfisque
1760 250 1850 307 Do-

504 317 621 343 mum
639 305 741 344 olim
763 305 947 354 legatam
965 302 1082 344 fuisse
1095 315 1169 354 pro
1181 302 1380 351 Hospitio
1396 327 1411 347 ,
1442 302 1483 342 in
1499 305 1609 355 quod
1626 306 1668 346 se
1686 314 1850 352 recipe-

505 366 599 396 rent
616 384 629 403 ‚
658 367 781 407 prout
796 358 867 396 diu
886 359 926 397 se
942 365 1190 405 receperunt
1206 381 1220 401 ‚
1252 355 1461 406 quousque
1489 369 1557 396 eos
1578 358 1740 408 excepit
1771 357 1846 394 m)

504 410 784 449 commodiori
801 409 995 460 Hospitio
1013 408 1188 448 Familia
1207 408 1424 446 Confilieri
1445 437 1456 447 .
1487 408 1577 448 Hos
1594 420 1733 450 autem
1761 409 1849 449 Te·-

500 464 576 502 stes
596 489 608 508 ‚
628 463 690 501 uti
708 474 879 503 numero
893 463 1029 512 plures
1046 486 1060 506 ‚
1077 461 1116 500 Sc
1130 461 1184 499 de
1196 460 1448 500 affirmativa
1462 461 1734 510 deponentes,
1749 475 1847 502 cen-

499 516 589 554 sent
608 514 857 564 Cappuccini
875 513 1146 565 praeferendos
1164 513 1241 553 esse
1273 512 1457 553 Testibus
1477 512 1815 555 Reformatorum
1829 538 1844 558 9

499 567 569 616 qui
584 566 634 607 de
649 569 840 617 negativa
855 570 1065 616 deponunt
1083 591 1096 612 ‚
1127 566 1279 617 quique
1295 565 1572 616 personalibus
1587 569 1847 617 exceptioni-

498 620 569 658 bus
587 620 751 659 obnoxii
768 621 1040 671 praedicantur
1070 633 1092 660 a
1108 618 1304 666 ²Testibus
1333 619 1656 667 reprobatoriiss
1682 621 1846 669 praeser-

498 671 577 710 tim
592 675 686 711 cum
705 673 874 713 illorum
894 686 1064 714 examen
1082 672 1286 712 nullitate
1300 671 1502 712 infectum
1530 671 1708 712 afferant
1736 673 1846 723 Cap-

495 725 662 773 puccini
679 751 692 770 ‚
709 727 771 765 uti
789 725 941 767 factum
957 728 1037 767 fine
1055 726 1235 776 ipsorum
1252 725 1456 765 citatione
1475 751 1490 771 ,
1522 726 1560 766 &
1578 727 1661 778 post
1684 728 1848 767 recusa-

496 776 656 815 tionem
675 777 833 827 Judicis
851 793 897 819 ex
912 781 1031 819 causa
1046 778 1283 827 suspicionis
1301 808 1311 817 .

445 826 498 867 Et
521 828 615 867 ideo
632 830 681 867 ab
700 830 1022 870 immemorabili
1044 833 1120 870 hac
1135 829 1368 879 poffeffione
1387 855 1401 874 ‚
1427 830 1639 879 disputant
1655 832 1847 882 Cappuc-

500 880 583 919 cini
601 906 613 925 ‚
647 880 750 929 ipsos
770 882 1027 928 dejiciendos
1043 894 1123 921 non
1139 881 1214 922 effe
1233 909 1246 928 ‚
1274 885 1367 921 cum
1384 883 1457 922 illa
1471 884 1719 925 demonstret
1740 884 1848 925 Ter-

499 944 587 971 ram
602 931 754 971 Morrae
781 935 1078 985 comprehendi
1107 936 1146 973 in
1168 936 1346 984 ipsorum
1364 934 1542 973 distriftu
1560 962 1574 981 ‚
1604 938 1641 976 Sc
1663 938 1771 976 intra
1799 938 1849 977 fi-

499 996 572 1023 nes
588 995 660 1032 pro
680 988 974 1037 conquirendis
992 988 1269 1036 eleemosynis
1288 987 1378 1036 ipfis
1391 987 1598 1035 permissos
1613 1019 1623 1028 .
1639 989 1865 1041 Nihilque·

498 1036 698 1076 differunt
714 1039 866 1079 obstare
885 1040 1081 1080 Dioecefis
1096 1040 1380 1079 diversitatem
1396 1053 1411 1079 ,·
1440 1048 1530 1078 tum
1549 1041 1644 1092 quia
1676 1042 1848 1083 Dioecc*

499 1090 547 1127 fis
564 1089 777 1130 diverfitas
794 1104 873 1131 non
888 1095 1045 1142 praestat
1068 1094 1233 1132 obicem
1256 1093 1339 1140 juri
1371 1092 1599 1142 colligendi
1616 1093 1866 1144 eleemosy--

498 1154 568 1180 nas
583 1145 843 1192 competenti
862 1145 1200 1186 Mendicantibus
1231 1159 1278 1186 ex
1295 1143 1527 1185 inconcuffa
1546 1147 1659 1194 praxi
1677 1146 1848 1188 Provin-

497 1195 570 1232 ciae
588 1195 878 1246 Neapolitanae
898 1224 911 1242 ‚
942 1199 982 1237 in
1013 1211 1090 1251 qua
1120 1199 1185 1238 siti
1219 1201 1312 1245 sunt
1342 1199 1583 1238 Conventus
1596 1198 1857 1249 Collitigan--

495 1246 604 1286 tium
621 1273 635 1293 ‚
666 1257 713 1289 ut
730 1252 899 1291 testatur
915 1254 1028 1292 Luce.
1050 1255 1095 1290 de
1104 1251 1699 1304 jundecxssCappuccin.§.ultim.
1719 1267 1754 1292 n.
1766 1258 1862 1294 186-

494 1308 588 1338 tum
605 1301 700 1352 quia
718 1302 960 1343 Conventus
980 1305 1107 1344 etiam
1127 1303 1467 1344 Reformatorum
1485 1306 1607 1343 habet
1633 1305 1672 1343 in
1693 1305 1762 1345 suo
1778 1305 1846 1344 di-

494 1353 632 1392 stricotu
658 1353 767 1394 Loca
782 1364 895 1396 extra
909 1357 1136 1398 Dioecefim
1163 1358 1200 1397 S.
1217 1358 1372 1408 Angeli
1401 1356 1754 1404 Lombardorum‚
1784 1358 1915 1397 vi-vst

492 1417 592 1454 gore
610 1404 772 1447 decreti
790 1406 977 1458 Capituli
992 1411 1266 1451 Provincialis
1282 1410 1377 1450 anni
1401 1415 1514 1459 1640.
1536 1436 1548 1456 ‚
1564 1410 1602 1449 Sc
1619 1410 1846 1458 praesertim

494 1457 623 1515 ipsam
642 1457 818 1500 Terram
832 1461 1015 1511 Jesualdi
1032 1489 1044 1508 ‚
1076 1465 1116 1504 in
1141 1477 1219 1517 qua
1235 1463 1482 1514 jampridem
1498 1464 1639 1502 aderat
1657 1463 1850 1514 Cappuc-

498 1523 688 1550 emotum
705 1512 946 1555 Conventus
960 1530 975 1557 ,·
1006 1525 1098 1556 tum
1117 1518 1285 1558 demum
1301 1517 1395 1567 quia
1415 1516 1708 1555 Mendicantes
1739 1516 1861 1556 elec-,-

497 1563 711 1621 mOsY!]am
725 1579 910 1617 quaerere
927 1580 1007 1608 non
1023 1571 1293 1617 prohibentur
1311 1577 1427 1609 extra
1443 1569 1664 1608 Dioeccfim
1730 1593 1746 1599 „
1769 1582 1786 1604 -:
1798 1579 1852 1607 ua..

495 1615 604 1654 adest
618 1618 795 1665 ipsorum
826 1619 1068 1661 Conventus
1088 1648 1101 1668 ,
1134 1622 1360 1661 dummodo
1393 1621 1612 1660 exhibeant
1649 1622 1675 1658 il
1711 1632 1850 1668 ucopo

494 1666 595 1707 Loci
615 1693 627 1712 ‚
650 1669 786 1721 inquo
801 1673 974 1721 cupiunt
991 1675 1277 1724 eleemosynas
1297 1674 1499 1723 colligere
1518 1699 1527 1717 ,
1545 1675 1761 1712 licentiam
1781 1673 1845 1712 sui

494 1720 730 1769 Superioris
746 1723 1048 1765 Conventualis
1066 1751 1080 1770 ‚
1107 1737 1153 1766 ut
1170 1736 1289 1776 putat
1309 1729 1419 1765 Luce.
1433 1727 1736 1774 locosupracitato
1761 1729 1846 1769 55.

493 1786 617 1815 mtm.3
630 1788 680 1819 1.‚
701 1775 767 1813 ubi
784 1778 1054 1824 reprehendit
1069 1778 1416 1828 Fagnamtm,quod
1433 1777 1663 1816 Dioecesani
1679 1779 1848 1817 consen-

489 1825 579 1864 sum
600 1837 646 1864 ex
662 1835 804 1866 mente
821 1829 944 1874 hujus
963 1829 1052 1870 Sac.
1071 1830 1419 1881 Congregationis
1433 1829 1587 1880 requiri
1614 1829 1851 1870 firmaverit

494 1882 533 1915 in
546 1887 776 1928 cap.tuarum
796 1895 809 1918 1
822 1894 955 1921 rarum.
962 1895 980 1925 3
989 1912 999 1922 .
1015 1885 1062 1921 de
1069 1886 1244 1934 privileg.
1686 1914 1687 1917 =
1775 1916 1778 1919 -

443 1931 522 1973 Sed
538 1931 678 1971 verior
698 1934 752 1972 est
769 1934 975 1974 sententia
985 1934 1157 1986 Fagnani
1169 1963 1182 1983 ,
1197 1938 1292 1988 quia
1307 1936 1413 1977 licet
1429 1936 1549 1976 Sacra
1562 1934 1846 1986 Congregatio

493 1984 562 2023 die
580 1998 641 2033 14.
658 1984 809 2026 Martii
831 1993 945 2028 1620.
962 2014 975 2034 ‚
992 2001 1073 2028 non
1093 1989 1286 2032 videatur
1300 1988 1548 2041 requisivisse
1576 1989 1853 2042 consensumq-

494 2036 712 2077 Ordinarii
731 2066 743 2084 ‚
761 2040 1019 2082 rescribendo
1048 2058 1078 2079 =
1097 2042 1258 2088 'Fratres
1277 2045 1397 2082 Tertii
1409 2044 1564 2083 Ordinis
1577 2041 1852 2091 S.Francisci,.

493 2100 679 2139 tamquam
688 2095 950 2134 Mendicantes‘
963 2122 976 2142 ‚
1007 2110 1234 2148 nequaquam
1247 2096 1344 2149 poff'e
1373 2097 1418 2133 ab
1433 2095 1613 2145 Epist-opis
1628 2097 1844 2145 prohiberis

496 2147 680 2192 quominus
694 2154 762 2193 per
766 2147 810 2193 se
825 2149 915 2198 ipsos
930 2153 969 2188 in
983 2150 1202 2200 Diaecefibus
1218 2173 1232 2196 ‚
1261 2152 1327 2191 ubi
1339 2151 1471 2187 habent
1485 2150 1687 2187 Conventus
1703 2175 1716 2194 ‚
1745 2147 1840 2185 elee-

494 2196 649 2245 ’Ἀθ-[ἅπας
670 2210 834 2247 quoerant
850 2225 864 2245 ,
878 2202 955 2250 sed
967 2213 1112 2242 tantum
1129 2205 1164 2254 fi
1181 2214 1288 2242 extra
1301 2201 1382 2241 loca
1399 2226 1413 2247 ,
1439 2203 1501 2240 uhi
1515 2201 1740 2253 Monasteria
1756 2201 1838 2237 exi-

484 2249 588 2297 flunt
602 2274 616 2293 ‚
647 2256 841 2298 quaeritare
857 2256 1044 2295 voluerint
1055 2283 1069 2304 ‚
1100 2261 1220 2296 teneri
1225 2257 1378 2306 suorum
1390 2257 1625 2306 Superiorum
1655 2253 1838 2309 licent-iant

494 2301 698 2341 ordinario
728 2306 911 2354 ostendere
938 2322 967 2343 ε
994 2334 1008 2354 ,
1038 2319 1085 2350 ut
1103 2310 1146 2348 in
1160 2311 1458 2351 lib.12.Decret.
1473 2318 1559 2359 pag.
1568 2311 1632 2351 36.
1648 2317 1701 2345 t.:
1727 2304 1837 2342 mhi-
1890 2338 1898 2342 -

492 2354 674 2394 lominus
692 2356 903 2406 praefatum
919 2363 1157 2402 consensum
1173 2363 1328 2415 requiri
1346 2361 1481 2402 innuit
1510 2361 1552 2400 in
1571 2361 1648 2401 alia
1673 2356 1832 2414 Causa?

493 2406 731 2465 Polignanen.
755 2415 1043 2463 24.Septembris
1065 2421 1179 2455 1622.
1199 2440 1212 2461 ‚
1231 2416 1273 2455 in
1292 2428 1372 2467 qua
1387 2408 1751 2462 responsum-dedlt
1767 2411 1833 2447 1118

492 2462 630 2517 verbis
659 2477 688 2498 ε
715 2464 838 2503 Sacra
855 2469 929 2510 &a
947 2470 1123 2507 Partibus
1138 2471 1293 2516 auditis,
1310 2470 1361 2507 ad
1376 2469 1514 2508 LDub.
1531 2463 1718 2515 respondit:
1734 2464 1836 2500 ΡΜ·

493 2511 604 2550 drflos
618 2514 767 2554 Fratres
783 2543 797 2563 ‚
812 2529 1000 2569 tamquam
1011 2523 1268 2562 Mendicantes
1284 2547 1299 2568 ‚
1331 2531 1554 2572 nequaquam
1566 2515 1634 2565 effe
1644 2515 1834 2563 prohiben-

490 2561 551 2619 dps
565 2564 797 2617 eleemosynas
813 2585 1002 2622 corrogare
1016 2599 1030 2618 ‚
1059 2574 1148 2612 dum
1163 2586 1286 2613 tamen
1301 2599 1314 2620 ,
1344 2576 1408 2613 abi
1422 2581 1527 2611 extra
1541 2568 1729 2616 Dioecefim
1759 2568 1832 2606 Po-

491 2610 732 2664 lignanenfim
748 2628 942 2672 quaeritare
971 2628 1183 2672 voluerint,
1200 2627 1356 2676 suorum
1381 2623 1614 2673 Superiornm
1640 2619 1833 2658 licentiam

494 2664 676 2713 ostendant
689 2673 997 2722 LociOrdinae-io
1012 2706 1027 2727 ‚
1053 2691 1163 2732 atque
1187 2678 1291 2722 illius
1306 2675 1500 2729 consttficm
1513 2676 1695 2716 obtineant
1711 2704 1722 2713 .
1754 2675 1827 2710 Cae-

590 2746 596 2752 .
1714 2736 1828 2768 terum
