1934 2954
1328 243 1400 291 169

71 311 163 341 mez
175 300 332 345 Conejo
348 297 448 338 Loci
466 296 686 337 Notarium
702 310 716 337 ,-
737 294 813 337 Sed
832 293 908 335 illo·
923 292 1100 342 amplius
1132 302 1211 332 non
1230 293 1360 333 citato
1380 321 1394 340 ,

73 366 148 393 nec
164 351 320 397 audito,
336 353 538 402 nullisque
555 351 602 389 ab
616 362 664 388 eo
678 349 782 388 datis
800 345 1256 396 111terrogatoriis‚anno
1279 357 1347 393 175
1360 362 1391 385 1.

74 403 309 456 quindecim
328 404 548 444 examinati
563 402 725 441 fuerunt
742 400 877 441 Testes
901 398 1017 447 super
1038 397 1244 436 Articulis
1270 410 1292 437 a
1322 399 1396 438 So-

72 469 162 498 rore
180 455 361 497 Antonia
376 456 580 507 produffis
598 455 781 505 :ipsaque
796 451 976 494 Antonia
989 450 1158 490 Orati-ix
1173 448 1252 489 fuit
1267 451 1395 490 inter-

75 518 216 558 rogata
236 510 350 558 super
373 510 576 559 capitibus
608 505 799 546 exhibitis
827 518 848 545 a
877 503 1000 542 Petro
1028 501 1199 553 Josepho
1223 498 1395 543 Serrano

76 563 163 606 ejus
182 561 322 600 Fratre
341 591 351 601 .

26 610 81 652 Ex
92 611 279 652 Testibus
296 614 489 653 autemid
505 626 628 653 unum
645 621 758 652 certe
774 608 990 660 colligitur
1005 631 1017 650 ‚
1034 606 1270 646 Oratricem
1286 631 1298 651 ‚
1316 608 1399 656 post

79 665 292 705 Genitoris·
308 666 467 705 obitum
488 692 500 710 ‚
515 668 658 705 statum
675 664 904 713 regularem
919 658 1152 708 assumpsisse
1169 686 1182 704 ‚
1211 659 1310 698 dum
1333 672 1398 699 re·-

78 719 261 757 lut‘tante
282 717 404 758 Petro
422 718 670 757 Zamorrano
685 716 905 754 Avunculo
923 738 934 757 ‚
954 712 1125 757 inclutis
1143 712 1278 751 Domo
1297 715 1398 751 edu-

79 771 247 810 cabatur
264 795 276 815 ‚
297 771 458 818 nuptias
477 771 578 810 inire
597 769 785 820 cupiebat
801 780 895 807 cum
910 764 1060 814 Joanne
1090 764 1278 803 Antonio
1305 765 1399 803 Bel-

84 832 204 862 trano
221 823 388 871 dispari<
407 823 658 862 conditionis
672 823 827 873 Juvene
843 835 857 860 ,-
884 818 961 858 Sed
977 816 1109 866 quoad
1126 817 1303 867 reliquas
1318 819 1400 855 cir-

79 875 354 920 cumstantias,
372 874 508 914 Testes
527 876 696 915 minime
713 873 962 912 conveniunt
979 899 988 911 .
1007 867 1130 907 Porro
1143 878 1237 907 ante
1255 869 1401 918 ingres-

81 928 166 966 sum
184 927 418 967 Monasterii
436 950 447 969 ‚
476 927 556 965 duo
575 928 710 967 Testes
741 925 942 965 affirmant
968 921 1018 961 de
1047 920 1218 965 auditu,
1238 920 1402 960 Oratri-

85 992 175 1019 cem
192 981 365 1018 tractam
384 977 497 1018 fuiffe
516 981 678 1029 capillis
698 993 718 1018 a
737 979 967 1017 Mater-tera
983 998 994 1016 ‚
1012 981 1058 1012 ut
1078 972 1228 1011 relicto
1240 972 1400 1012 Beni-a-

83 1044 136 1070 no
152 1031 269 1070 fieret
290 1032 491 1081 Religiosa
509 1058 520 1076 ‚
545 1035 582 1072 Sc
596 1034 772 1072 clansam
793 1031 919 1070 tribus
947 1026 1141 1065 menssbus
1162 1034 1398 1065 retentam-1

83 1082 198 1123 fuiffe
229 1085 267 1121 in
284 1086 449 1124 obscuro
463 1084 663 1124 Cubiculo
678 1099 692 1124 ,-
725 1084 790 1123 sed
817 1083 923 1122 alter
941 1080 991 1118 de
1018 1078 1104 1115 visu
1135 1077 1302 1116 testatur
1317 1100 1329 1119 ‚
1356 1076 1399 1116 id

83 1134 270 1175 accidisse
289 1136 327 1174 in
345 1150 498 1185 paenam
514 1136 746 1176 continuati
761 1135 909 1174 amoris
926 1145 1018 1170 cum
1035 1129 1226 1169 Beltrano
1243 1155 1254 1174 ‚
1285 1131 1323 1169 δε
1349 1130 1401 1168 ob

86 1196 291 1235 repertam
312 1190 415 1237 apud
432 1190 669 1229 Oratricem
707 1189 818 1227 illius
845 1186 1063 1235 'Epistolam
1081 1211 1092 1222 ⁴
1117 1183 1402 1221 Subtrat‘tum„

81 1239 230 1278 Cibum
249 1238 329 1280 duo
343 1250 532 1282 narrants
566 1242 648 1281 duo
661 1243 708 1280 ab
726 1239 918 1278 Oratrice
949 1235 1178 1276 recusatum
1198 1264 1209 1273 .
1240 1235 1402 1274 Excita-

82 1300 170 1330 tum
185 1290 301 1331 fuiffe
317 1293 525 1333 Andream
543 1294 712 1333 Serrano
728 1291 979 1332 patruelem,
996 1290 1046 1329 de
1067 1287 1209 1327 auditu
1227 1286 1404 1328 affirmat

86 1356 188 1383 unus
204 1343 334 1383 Testis
348 1372 360 1391 ‚
380 1356 425 1385 ut
444 1346 610 1385 Oratrie
621 1359 682 1384 em
702 1352 869 1393 cogeret
897 1341 946 1382 ad
962 1344 1106 1381 statum
1123 1339 1405 1388 Religiosum

87 1395 394 1439 affumend11m5
408 1407 581 1448 quatuor
597 1411 690 1438 eum
710 1404 902 1437 vocatum
920 1391 1119 1437 afferunt,
1152 1399 1198 1429 ut
1227 1391 1292 1430 illi
1316 1391 1404 1429 sua-

84 1449 203 1487 <leret
219 1449 461 1497 religionem
477 1481 486 1489 .
507 1450 643 1489 Minas
661 1451 698 1489 in
720 1460 870 1499 genere
888 1472 900 1492 ‚
918 1449 956 1487 Sc
970 1446 1204 1485 coactiones
1220 1443 1272 1482 de
1285 1442 1402 1482 audi-

82 1507 126 1538 tu
145 1501 365 1556 enunciant
379 1503 459 1541 duo
476 1501 613 1542 Testes
631 1515 640 1540 :
674 1504 812 1543 datam
827 1502 873 1539 ab
888 1500 1053 1539 Andrea
1069 1508 1187 1536 manu
1213 1504 1401 1534 armata„-

81 1560 298 1599 optionem
313 1554 494 1604 eligendi
511 1564 581 1594 aut
599 1555 858 1604 Religionem
872 1579 884 1598 ‚
914 1562 984 1592 aut
1001 1559 1179 1590 mortem
1195 1573 1208 1593 ,
1238 1555 1403 1586 narrant

84 1604 242 1652 septem
261 1604 398 1645 Testes
412 1607 462 1646 de
478 1607 623 1646 auditu
640 1609 707 1647 vel
726 1607 885 1651 incerto
904 1630 917 1649 ‚
938 1606 1003 1643 vel
1021 1605 1069 1642 ab
1085 1599 1375 1651 ipsaeOratr-ice
1392 1610 1405 1636 :⁴

82 1656 190 1712 alter
206 1656 393 1708 adjungit
419 1658 580 1698 auditas
604 1658 917 1708 deprecationes
947 1655 1152 1695 Oratricis
1168 1677 1181 1697 ‚
1214 1660 1259 1692 ut
1277 1650 1404 1691 Domi

84 1709 390 1758 relinqueretur
419 1711 588 1759 innupta
606 1737 618 1756 ‚
644 1712 695 1750 ob
715 1712 964 1750 averfionern
993 1720 1015 1747 a
1041 1708 1128 1747 vita
1154 1703 1403 1743 Monastica:

85 1758 244 1816 Domus
259 1763 584 1807 perturbationes
600 1788 611 1806 ‚
626 1765 676 1801 ob
692 1762 897 1801 Oratricis
912 1758 1220 1808 repugnantiam
1235 1755 1408 1803 religio<

87 1823 132 1849 ni
149 1822 169 1855 ‚·
182 1823 282 1850 unus
299 1815 483 1853 recenset
503 1838 516 1857 ‚
533 1815 570 1852 δε
586 1813 666 1852 duo
684 1814 735 1852 de
751 1814 893 1852 auditu
919 1813 967 1849 ab
996 1809 1143 1848 eodem
1156 1821 1170 1847 ,-
1199 1807 1266 1845 sed
1292 1808 1401 1844 alter

88 1862 218 1903 Testis
232 1862 407 1902 affirmat
424 1890 437 1910 ‚
453 1866 696 1914 postulatum
713 1865 761 1903 ab
778 1862 973 1903 Oratrice
988 1859 1102 1899 fuisse
1120 1855 1332 1908 ingressum
1360 1858 1401 1896 in

89 1915 378 1955 Monasterium
392 1940 404 1960 ‚
426 1925 470 1956 ut
484 1917 613 1956 libere
627 1925 767 1966 ageret
781 1916 871 1954 suos
888 1924 1074 1953 amores:
1101 1913 1138 1952 ὃς
1163 1911 1268 1949 alter
1284 1910 1401 1952 audi-

89 1969 152 2008 vit
165 1995 177 2013 ,
193 1967 403 2009 Andrean}
420 1970 592 2013 Serrano
608 1982 711 2018 aegre
725 1966 859 2008 tuliffe
877 1964 1081 2006 Oratricis
1096 1960 1311 2012 ingressum·
1324 1961 1400 2001 im,

88 2020 382 2061 Monasterium
397 2048 409 2068 ‚
425 2022 490 2062 ubi
508 2022 653 2072 majori
669 2021 862 2068 libertate
875 2015 1062 2070 potuisset
1080 2015 1305 2057 “astatum
1316 2026 1408 2066 pro-

88 2074 200 2124 sequi
218 2087 312 2113 cum
330 2075 521 2118 Beltrano
539 2109 547 2119 .
880 2071 883 2075 ’

36 2127 216 2168 Mae-stam
234 2127 387 2177 septem
402 2154 414 2173 ,
428 2131 563 2169 letam
580 2130 757 2182 quinque
774 2129 911 2170 Testes
927 2120 1127 2168 affirmant
1139 2148 1152 2168 ,
1167 2119 1406 2160 Oratricem

91 2178 305 2228 ingreffam
337 2180 451 2221 fuisse
470 2183 759 2223 Monasterium
784 2183 878 2229 (die
896 2195 931 2221 ι.
948 2178 1104 2227 Aprilis
1125 2186 1237 2222 1717·
1263 2185 1284 2212 ἃ
1300 2171 1404 2230 (ΨΟ-

90 2232 163 2269 bus
185 2231 412 2279 indicata).
429 2235 562 2276 Caute
579 2235 696 2275 fuisse
714 2235 953 2274 custoditam
968 2232 1007 2270 in
1022 2226 1407 2275 Monasterimqfuin-

91 2296 171 2333 que
190 2283 326 2324 Testes
342 2298 527 2326 enarrant
542 2303 556 2329 ,-
573 2289 750 2339 quinque
766 2295 910 2327 contra
921 2286 1114 2325 testantur
1131 2306 1144 2325 ,
1172 2290 1261 2318 eam
1277 2278 1406 2335 libere

91 2335 294 2393 versatam
312 2363 324 2384 ‚
343 2340 465 2389 usque
482 2340 530 2378 ad
552 2341 782 2381 standalum
799 2352 808 2378 :
827 2340 864 2379 &
878 2338 957 2377 duo
972 2335 1183 2375 declarant
1202 2356 1214 2387 ⁹.
1231 2338 1410 2369 vetitam

90 2386 204 2427 fuisse
221 2392 575 2431 conversationem
589 2404 683 2431 cum
697 2393 794 2432 solis
811 2389 1000 2438 suspet‘tis
1019 2387 1069 2425 de
1096 2385 1299 2424 relat1one
1314 2392 1410 2420 cum

91 2438 285 2480 Beltrano
298 2472 307 2481 .
326 2443 399 2481 Sex
416 2441 552 2483 Testes
568 2445 743 2484 asserunt
761 2445 810 2483 de
825 2442 969 2483 auditu
987 2440 1037 2478 ab
1052 2434 1260 2477 Oratrice,
1277 2433 1344 2491 vel
1362 2434 1412 2472 ab

92 2492 224 2530 astera
237 2493 414 2533 ΜΟΠῙᾶΗ
433 2522 444 2540 a
462 2506 621 2536 certum
639 2499 676 2536 ei
691 2495 805 2535 fuisse
819 2495 1087 2535 constitutum
1112 2483 1407 2526 Confeffarium

74 2543 144 2593 stad
161 2543 562 2596 consanguineorum
578 2549 779 2598 placitum
797 2571 809 2590 ‚
838 2549 876 2586 &
893 2546 940 2585 ab
956 2557 1005 2584 eo
1030 2542 1247 2586 deceptam
1262 2548 1409 2576 mune-

90 2606 150 2640 ra,
165 2597 203 2653 ὃς
218 2597 407 2645 Epistolas
424 2598 616 2640 Beltrano
634 2598 845 2640 restitui'l'e
863 2611 871 2637 :
892 2597 1041 2636 addens
1057 2594 1209 2635 altera,
1229 2598 1324 2628 tunc
1340 2588 1404 2627 so-

85 2647 174 2704 lum
193 2648 329 2688 induci
346 2651 514 2699 potuisse
533 2654 786 2695 Oratricem,
802 2659 847 2689 ut
864 2660 1022 2688 comam
1039 2643 1294 2685 recideretz&
1312 2641 1408 2679 Mo-

88 2701 244 2756 malem
258 2725 271 2744 5
290 2714 376 2753 quae
391 2704 577 2744 Beltrani
595 2705 760 2744 nomine
778 2701 1016 2743 Oratricem
1030 2698 1275 2736 salutaverat
1293 2717 1306 2737 ‚
1334 2705 1409 2740 pu-

85 2751 349 2793 nitam‘fuiffe
361 2756 410 2794 ad
425 2756 683 2798 delationem
709 2756 878 2796 alterius
902 2749 1293 2805 Monialisgnarrant
1324 2745 1408 2783 duo

85 2800 226 2844 Testes
244 2806 483 2852 Seculare„
497 2810 701 2855 Moniales
719 2817 862 2849 contra
878 2832 892 2853 ,
907 2806 994 2845 duae
1012 2804 1201 2854 inquiunt
1218 2825 1232 2845 ²
1262 2797 1408 2837 illam-⁰

142 2858 393 2901 Tom.XXX1.
430 2904 434 2911 Δ
809 2859 848 2902 ,Υ
1336 2859 1413 2906 pu·-
