1934 2954
1353 168 1401 193 20

103 206 143 243 ἐς
160 215 237 242 non
250 201 341 240 Μὰ
356 202 845 252 praesente3‚q110cumque
860 200 1098 253 privilegio,
1111 202 1178 242 vel
1194 205 1292 248 justa
1310 167 1427 246 caus}

100 269 180 295 non
198 256 397 293 obstante:
431 254 537 303 quod
556 254 828 299 Coadjntores
848 253 1001 294 idcirco
1019 255 1085 293 fibi
1102 279 1113 298 ,
1132 256 1171 294 Sc
1189 267 1266 294 non
1284 257 1420 296 Coad-

99 308 199 354 jutis
235 308 305 344 has
323 305 622 347 distributiones
656 306 912 347 inserviendo
936 307 1195 346 lucrarentur
1215 332 1228 351 ‚
1258 309 1295 347 Sc
1330 322 1430 359 quo—

103 361 182 399 ties
201 357 394 403 Coadjuti
426 359 552 399 etiam
571 359 807 400 interessent
827 385 839 403 ‚
870 359 987 399 unica
1015 360 1151 406 portio
1169 361 1277 399 inter
1293 358 1431 399 Coad-

100 414 239 459 jutum
255 437 268 456 ‚
298 413 335 450 ὃς
366 410 660 456 Εοειάωῐοτεῐῐι
695 411 951 460 repartienda
998 410 1108 453 foret
1144 438 1156 457 ‚
1194 413 1314 452 salvis
1333 425 1432 453 con-

106 463 368 504 ventionibus
409 465 617 504 occasione
648 463 923 509 Coacljutoriae
965 464 1153 505 ineundis
1184 477 1192 503 :
1236 465 1287 504 Et
1317 463 1425 516 quod

105 517 273 556 demum
288 515 507 555 earundem
542 517 871 558 distributionum
888 516 1032 556 divifio
1060 517 1176 556 fieret
1192 517 1240 556 ad
1258 517 1431 555 formam

106 568 320 614 Sacrorum
338 567 551 609 Canonum
567 593 580 612 ‚
612 570 650 608 Sc
666 569 984 608 Consuetudinis
1005 595 1016 615 ‚
1044 582 1129 621 quae
1148 570 1262 620 viget
1296 570 1335 608 in
1356 569 1431 609 Ec-

109 622 228 661 clefia
246 620 376 670 quoad
395 629 560 660 veteres
577 621 880 661 distributiones
898 651 909 660 .

56 667 290 722 Capitulari
310 673 601 712 deliberationi
633 674 790 713 adhaefit
824 673 1047 713 hodiernus
1067 673 1312 724 Episcopus,
1347 670 1434 724 qui-

110 724 275 764 busdam
302 734 466 763 tantum
494 724 648 764 additis
684 724 985 765 conditionibus
1030 726 1070 764 in
1117 727 1318 770 decreto,
1349 737 1430 776 quo

106 778 175 819 die
195 792 227 816 2.
261 777 452 815 octobris
482 778 664 822 ejusdem
691 778 783 818 anni
807 791 919 825 1759.
937 779 1099 818 suorum
1125 775 1433 817 Commissario-

106 843 195 871 rum
214 829 460 869 relationem
489 830 729 879 approbavit
744 860 754 868 .
783 830 1066 882 Primumque,
1085 832 1291 870 reservato
1319 830 1434 877 Apo-

108 882 252 921 stolico
286 879 432 920 assensu
452 908 464 926 ‚
491 883 649 922 censuit
667 909 678 927 ,
714 894 759 921 ex
778 883 974 930 stipendio
991 883 1187 923 Ministris
1217 882 1401 932 augendo
1421 906 1433 926 ,

106 936 224 980 juxta
252 932 536 983 Capitnlarem
568 934 912 975 deliberationem
930 961 942 980 ‚
961 935 1163 975 demenda
1196 933 1274 974 esse
1302 945 1435 973 annua

107 987 211 1025 scut.
233 1000 295 1024 20.
328 985 523 1035 affignata
550 987 833 1036 Depositario:
865 988 917 1027 Et
950 999 994 1026 ex
1021 988 1162 1028 annuis
1192 987 1293 1027 scut.
1316 1000 1433 1029 3000.

0 1040 2 1108 l
103 1038 317 1078 attributis
350 1050 462 1079 novae
490 1037 622 1079 Maffae
653 1038 981 1078 distributionum
1007 1064 1021 1083 ,
1055 1038 1286 1079 asservanda
1323 1037 1431 1078 esse.)

102 1102 238 1129 annua
266 1090 462 1130 scut.600.
479 1102 550 1138 pro
579 1091 916 1130 extraordinariis
947 1092 1132 1143 Ecclefiae
1167 1089 1436 1141 indigentiis,

104 1143 314 1193 quousque
332 1155 484 1184 novum
500 1143 719 1183 accederet
738 1144 948 1183 redituum
984 1144 1288 1185 incrementum
1306 1172 1315 1182 .
1347 1142 1434 1181 De-

108 1194 244 1234 crevit
271 1207 432 1244 quoque
459 1222 472 1241 ,
505 1208 652 1236 novam
681 1195 1009 1235 distributionum
1027 1196 1195 1236 Massam
1228 1193 1440 1235 intermit-

114 1245 285 1286 tendam
325 1246 403 1287 effe
434 1273 448 1293 ‚
482 1260 575 1287 cum
608 1246 926 1295 reaffumptione
957 1248 1112 1288 veteris
1143 1249 1362 1288 efformata:
1391 1258 1440 1285 ex

105 1299 234 1338 tertia
261 1309 376 1348 parte
413 1299 620 1340 frustuum
648 1300 956 1339 Praebendarum
974 1325 986 1344 ,
1006 1301 1046 1339 in
1067 1301 1157 1339 casu
1191 1298 1436 1343 eviffionis,

107 1359 180 1390 aut
196 1352 360 1397 jacqurae
377 1353 579 1392 Bonorum
596 1378 609 1397 ‚
637 1354 703 1392 vel
725 1352 908 1399 urgentis
941 1352 1190 1392 necestitatis
1219 1351 1404 1391 Ecclefiae
1425 1374 1437 1395 ,

109 1403 181 1442 cui
195 1415 275 1441 non
293 1403 494 1444 sufficeret
512 1405 665 1445 summa
692 1405 731 1443 in
752 1406 839 1449 ejus
860 1404 973 1444 usum
991 1405 1195 1444 reservata
1211 1433 1221 1443 .
1254 1403 1437 1443 Demum

106 1454 310 1500 sancivit,
335 1457 497 1496 easdem
519 1469 631 1495 novae
651 1455 783 1496 Maffae
799 1456 1107 1495 distributiones
1125 1456 1336 1496 lucrandas
1357 1452 1435 1492 effe

106 1507 157 1546 ab
173 1507 359 1546 omnibus
380 1507 711 1548 interessentibus
730 1534 741 1553 ,
772 1509 930 1548 etiamsi
950 1508 1266 1552 Coadjutoribus
1285 1520 1294 1545 ε
1325 1505 1438 1544 illas-

109 1569 191 1610 que
210 1560 490 1609 repartiendas
510 1559 586 1601 esse
618 1561 657 1599 in
671 1561 842 1609 fingulas
861 1561 989 1599 sacras
1016 1561 1197 1600 astiones
1226 1561 1339 1605 juxta
1355 1558 1439 1596 Ru-

105 1611 272 1652 bricam
288 1637 301 1658 ‚
327 1614 393 1653 vel
413 1625 459 1654 ex
475 1613 540 1662 pia
559 1612 813 1651 institutione
830 1612 869 1650 in
886 1613 1062 1652 Ecclesia
1077 1613 1281 1651 obeundas
1299 1637 1312 1656 ,
1329 1623 1439 1649 com-

106 1665 314 1712 prehensis
333 1664 497 1705 Officiis
515 1665 646 1704 Beatae
664 1665 807 1704 Mariae
825 1664 1007 1713 Virginis
1026 1690 1037 1709 ,
1066 1666 1102 1704 ἅτ
1121 1663 1440 1704 Defunostorums

104 1715 281 1755 Psalmis
295 1715 660 1756 Poenitentialibus
676 1742 690 1761 ,
723 1717 761 1755 &
780 1716 1054 1754 Gradualibus
1073 1742 1085 1759 ‚
1103 1716 1235 1754 Missis
1252 1715 1443 1754 Conven-

106 1769 309 1818 tualibuS,
324 1767 495 1818 aliisque
511 1778 604 1808 curn
620 1767 754 1806 Cantu
781 1766 1232 1811 celebrandiS‚Litaniis
1259 1765 1441 1811 ejusdem

103 1820 239 1860 Beatae
253 1819 399 1858 Mariae
419 1819 601 1868 Virginis
617 1845 629 1865 ,
660 1821 699 1859 &
717 1817 1036 1857 Proceffionibus
1067 1826 1153 1857 tam
1167 1817 1442 1869 generalibus,

113 1883 241 1924 quam
258 1871 570 1919 particularibus
587 1901 596 1911 .
1299 1871 1302 1873 ’

61 1926 220 1966 Graves
237 1923 328 1963 visa:
344 1923 435 1962 sunt
449 1922 666 1962 Canonicis
684 1923 784 1962 binae
801 1923 1002 1970 postremo
1017 1921 1182 1968 adjee'tae
1213 1922 1261 1959 ab
1276 1920 1442 1967 Episco-

111 1991 166 2028 po
181 1975 467 2016 conditioness
484 1975 674 2025 quocirca
689 1975 805 2013 novis
822 1974 969 2013 oblatis
986 1974 1171 2023 precibus
1191 1972 1443 2012 SANCTIS-

113 2029 257 2070 SIMO
290 2027 535 2067 DOMINO
557 2026 795 2066 NOSTRO
815 2051 828 2070 ‚
859 2038 944 2076 quae
978 2026 1026 2065 ad
1044 2028 1144 2065 hanc
1164 2025 1326 2064 Sacram
1339 2024 1444 2064 Con-

109 2081 400 2134 gregationem
429 2078 597 2119 remiffie
629 2080 721 2118 sunt
752 2102 767 2124 ,
810 2079 1063 2126 postularunt
1091 2103 1105 2123 ‚
1130 2077 1445 2125 Capitularem„

117 2133 468 2174 deliberationem
494 2132 534 2171 in
560 2130 748 2170 omnibus
778 2129 1033 2170 confirmari.
1063 2129 1140 2169 Sed
1156 2129 1375 2178 Episcopus
1391 2130 1445 2169 de

116 2199 234 2227 more
253 2184 420 2229 auditus
439 2185 553 2223 suum
571 2184 609 2222 in
625 2182 971 2232 primarelatione
994 2181 1183 2223 defendit
1199 2181 1446 2222 Decretums

114 2239 312 2289 novisque
341 2237 505 2276 subinde
522 2235 671 2275 Literis
693 2235 742 2274 ad
761 2235 926 2274 Sacram
946 2233 1321 2284 Congregationem
1337 2232 1453 2272 datis,

115 2291 282 2331 suadere
312 2289 418 2328 nisus
451 2290 533 2331 est,
564 2287 714 2336 quodfi
731 2286 952 2337 incongrua
979 2287 1108 2327 Sacrae
1123 2284 1445 2335 Congregationi

111 2344 328 2384 videretur
342 2339 529 2381 admiffio
547 2339 940 2389 Coadjutorum‚pro
956 2337 1237 2379 constituenda
1266 2348 1372 2376 nova
1386 2337 1445 2377 di-

109 2393 398 2435 stributionum
456 2391 583 2432 Massa
641 2390 827 2432 sufficere
878 2391 1035 2441 possent
1076 2402 1205 2430 annua
1231 2388 1446 2429 dumtaxat

112 2447 308 2497 sc.1400.:
329 2445 519 2497 quodque
535 2442 801 2483 refidualibus
817 2443 942 2484 scutis
961 2443 1080 2482 mille
1099 2441 1318 2492 expediens
1331 2440 1443 2482 foret

110 2499 262 2539 decem
275 2497 554 2538 Canonicatus
595 2495 763 2535 secundi
803 2495 959 2534 ordinis
994 2496 1180 2545 erigere,
1198 2493 1374 2543 primum
1399 2495 1447 2533 ab

114 2550 317 2600 Episcopo
334 2577 347 2597 ‚
367 2549 514 2590 deinde
545 2556 670 2596 prout
700 2548 750 2587 de
768 2549 858 2594 jure
874 2547 1143 2588 conferendos
1162 2576 1172 2586 .
1190 2545 1347 2585 Omnes
1366 2545 1448 2586 ita-

116 2615 196 2653 que
213 2603 493 2643 controverfiae
511 2598 641 2641 tribus
657 2599 804 2641 Dubiis
825 2600 1009 2640 collec‘tae
1027 2598 1196 2640 fuerunt
1208 2623 1221 2645 ,
1238 2609 1323 2648 quae
1339 2609 1447 2639 nunc

117 2664 402 2704 proponuntur
419 2684 430 2695 .

64 2703 245 2749 Eteirca
270 2705 603 2748 distributionum
628 2705 946 2758 repartitionem
967 2730 980 2754 ‚
1009 2704 1188 2756 disputat
1204 2702 1446 2791 Episcomg,

1341 2764 1382 2792 re
1427 2764 1449 2792 e
