1934 2954
463 193 506 229 28
518 203 536 227 2

456 240 690 282 Concordia
706 241 873 291 respicit
891 239 1202 281 Consolationes
1223 240 1479 291 Episcopales
1496 267 1508 288 ‚
1537 243 1604 283 seu
1632 243 1785 294 praesta‘-

456 296 592 336 tiones
610 295 809 344 Episcopo
824 293 982 333 debitas
1011 295 1104 333 loco
1122 294 1433 333 Cathedratici:
1458 295 1697 343 Capitulum
1713 309 1785 335 ve-

456 350 503 388 ro
526 349 697 397 postulat
716 346 1031 386 consolationes
1061 348 1308 386 Statutarias
1325 371 1338 391 ‚
1368 346 1434 387 seu
1466 347 1558 386 illas
1579 373 1592 392 ‚
1624 362 1707 399 quae
1724 348 1785 387 vi·-

453 414 552 451 gore
568 400 727 439 Statuti
756 399 850 439 anni
874 404 985 446 1691.
1003 423 1016 443 ‚
1040 401 1088 440 ’ὃς
1103 401 1243 449 vigore
1261 399 1598 439 immemorabilis
1616 403 1784 440 consue-

453 452 608 493 tudinis
628 453 668 492 in
684 451 832 492 eodem
848 453 1016 491 Statuto
1037 453 1263 491 enunciatae
1293 452 1493 491 debentur
1511 454 1573 499 {ab
1600 453 1784 491 omnibus

452 506 648 545 Parochis
666 530 679 549 ‚
712 515 803 545 tum
825 501 986 544 ratione
1006 506 1139 543 merus
1167 505 1288 544 dandi
1310 504 1564 553 Presbyteris
1582 529 1594 548 ‚
1624 505 1692 555 qui
1721 517 1787 543 ac-

453 558 608 597 cedunt
624 560 674 597 ad
694 559 852 598 Oleum
870 558 988 596 San&
999 570 1066 595 um
1083 556 1366 607 accipiendum
1383 582 1395 601 ‚
1426 568 1513 597 tum
1533 557 1691 596 ratione
1707 556 1788 594 suf·

452 610 682 660 fragiorum
698 638 710 657 ‚
728 625 814 661 quae
837 612 874 649 in
893 611 959 650 die
977 611 1131 655 obitus,
1146 611 1184 650 Sc
1202 609 1386 660 quolibet
1400 621 1504 648 anno
1520 609 1712 658 deinceps
1725 613 1789 648 ce-

453 664 665 703 lebrantur
684 677 756 713 pro
773 663 968 703 Parochis
988 663 1190 703 defunc‘ris
1210 691 1220 701 .
1253 662 1330 701 Sed
1345 662 1588 707 cavendum,
1605 674 1656 701 ne
1670 661 1788 712 quid-

452 728 577 767 quam
595 718 780 766 exigatur
795 730 866 766 pro
880 717 1009 755 Sacris
1026 716 1146 756 Oleis
1160 723 1305 756 contra
1319 716 1530 755 censuram
1558 716 1691 753 Textus
1709 718 1785 751 im,

451 769 593 819 cap.Ea
609 783 684 820 quae
702 775 759 809 16.
777 772 823 807 de
843 771 1014 807 Simoniis
1026 798 1036 807 .

504 821 794 870 Dignabuntur
809 821 949 871 itaque
965 821 1044 860 EE.
1062 819 1151 858 VV.
1184 816 1353 859 definire

425 874 459 914 1.
487 878 558 916 An
573 874 732 923 Ecclefia
763 877 802 914 S.
825 874 978 924 ‘Joannis
1012 871 1235 912 Commendat
1266 872 1458 921 Villingen
1481 872 1611 922 Inclyti
1638 873 1789 910 Ordinis

505 927 834 976 Hierasolymitani
865 929 917 979 fit
947 941 1034 967 vere
1063 924 1291 966 parochialis
1316 924 1336 963 ἓ
1372 927 1411 966 &
1438 933 1636 977 quatenus
1668 936 1790 973 nega-

502 987 592 1018 tive
609 1009 619 1018 .
1124 1003 1126 1006 -

401 1029 453 1070 ΙΙ.
495 1031 546 1070 A
549 1046 570 1069 n
588 1034 801 1082 Cappellano
831 1034 934 1084 ipsius
965 1032 1184 1073 Commendae
1211 1041 1387 1083 competat
1415 1029 1480 1083 jus
1505 1030 1784 1078 administrandi

505 1086 750 1125 Sacramenta
768 1088 982 1137 Domesticis
1001 1113 1013 1131 ,
1033 1089 1077 1132 &³
1090 1085 1125 1123 F
1128 1084 1354 1124 amiliaribus
1381 1088 1481 1122 intra
1507 1085 1607 1122 illius
1635 1085 1787 1131 Septa-2

483 1183 485 1185 Ι
503 1139 717 1187 degentibus
733 1165 747 1185 ‚
778 1142 966 1191 omniaque
979 1138 1071 1192 jura
1089 1139 1326 1177 parochialia
1340 1138 1532 1176 exercendi
1548 1135 1792 1185 independen-

504 1201 561 1228 ter
576 1206 597 1228 a
610 1194 772 1232 parocho
791 1194 953 1242 Capituli
971 1192 1125 1231 Ruralis
1148 1193 1323 1229 Civitatis
1339 1194 1385 1230 V
1381 1190 1518 1239 illingae
1530 1188 1551 1226 Β

401 1240 474 1282 III.
507 1244 582 1282 An
594 1248 633 1284 in
648 1247 746 1284 diHa
759 1246 919 1296 Ecclesia
943 1247 1107 1296 praesatae
1130 1246 1352 1283 Commendae
1367 1246 1517 1282 retiner!
1539 1242 1664 1281 valeat
1691 1243 1794 1278 San·

500 1299 680 1346 Eltffimum
698 1301 934 1350 Eucharistiae
960 1303 1248 1338 Sacramentum
1264 1323 1278 1344 ,
1310 1312 1373 1337 nec
1388 1310 1454 1335 non
1485 1298 1638 1334 Sacrum
1669 1292 1794 1342 Chris-

502 1364 560 1388 ma
574 1377 588 1397 ν
616 1355 660 1395 &²
685 1353 821 1392 Oleum
853 1353 1032 1391 Sannum
1057 1360 1124 1401 pro
1152 1353 1312 1389 omnibus
1335 1349 1593 1400 spiritualibus
1621 1348 1794 1395 indigen-

500 1406 564 1441 tiis
592 1406 877 1456 Domesticorum
891 1431 903 1451 ‚
935 1408 980 1449 ἶς’
994 1406 1029 1444 F
1030 1402 1258 1443 amiliarium
1275 1429 1289 1449 ,
1317 1404 1479 1453 utsupra
1491 1405 1591 1440 intra
1606 1400 1706 1438 illius
1721 1400 1797 1436 Se-
1821 1434 1825 1438 ,

496 1464 563 1505 pta
591 1458 802 1507 degentium
817 1456 838 1496 ε’

397 1502 465 1546 IV.
501 1507 578 1547 An
607 1512 780 1549 Decanus
805 1511 973 1561 praedit‘ti
1009 1509 1173 1558 Capituli
1195 1509 1348 1547 Ruralix
1384 1508 1598 1557 Villingam·
1623 1513 1792 1544 teneatur

497 1561 656 1610 quolibet
672 1577 763 1601 anno
791 1566 953 1602 Sacrum
971 1561 1138 1610 Chrtsma
1150 1585 1164 1605 ‚
1197 1564 1242 1606 ὠ·
1255 1562 1390 1601 Oleum
1402 1562 1582 1600 Santram*
1602 1559 1788 1597 tradere„

498 1622 575 1649 tam
597 1615 813 1663 Cappellano
836 1618 1000 1662 praefatae
1031 1617 1255 1648 Commendae
1269 1638 1281 1656 ‚
1313 1618 1418 1661 quam
1450 1611 1662 1660 Cappellano
1679 1635 1693 1655 ⁷
1712 1609 1785 1658 seu

493 1666 650 1705 Vicario
667 1667 811 1703 Curato
839 1664 992 1701 alterius
1006 1659 1174 1709 Ecclestae
1186 1662 1414 1701 Parachialis
1437 1667 1476 1700 in
1492 1666 1703 1712 G'rum'ngen
1735 1664 1786 1699 ei·-

493 1717 576 1752 dem
593 1717 747 1753 adnexae
766 1739 780 1759 ,
804 1715 935 1765 absque
951 1714 1029 1751 ulla
1033 1710 1221 1762 solutione
1234 1716 1495 1763 pretensarum
1515 1716 1792 1764 Taxarum‚seu

498 1767 795 1817 Consolationum
812 1765 834 1803 ἓ

390 1818 443 1858 V.
473 1820 548 1859 An
560 1821 713 1870 prefato
730 1819 869 1868 Inclyta
895 1818 1035 1858 Ortum·
1048 1818 1389 1869 Hierosolymitano
1413 1819 1635 1868 indulgenda
1654 1820 1707 1870 fit
1727 1817 1794 1864 fa-

495 1873 612 1912 cultas
626 1873 794 1921 erigendi
809 1870 963 1910 Fontem
975 1870 1234 1920 Baptismalem
1247 1873 1506 1922 insupradifla
1523 1872 1679 1922 Ecclesta
1692 1872 1792 1910 Com-

497 1927 636 1964 mendet
652 1924 867 1973 Villingen‚
885 1924 1059 1972 adsacris
1075 1923 1291 1973 lustralibus
1305 1928 1407 1976 aquis
1424 1925 1616 1964 abluendos
1633 1925 1792 1973 Infantes

494 1980 597 2016 intra
612 1976 717 2015 illius
728 1979 842 2026 Septa
855 1977 1058 2025 nascituros
1083 2001 1097 2023 ,
1114 1980 1154 2014 in
1168 1991 1236 2016 cau
1255 1981 1333 2023 (irc.

494 2134 564 2176 Ad
584 2133 614 2170 Ι.
633 2132 866 2182 Negat-ive,
884 2133 923 2174 Sc
942 2133 1119 2183 amplius
1138 2163 1147 2173 .
1177 2132 1245 2173 Ad
1262 2133 1315 2173 11.
1353 2133 1622 2174 Affirmative
1647 2130 1696 2172 ad
1712 2130 1794 2180 pri-

549 2195 662 2223 mam
674 2193 839 2234 partem
855 2211 869 2231 ‚
887 2186 939 2225 ad
953 2185 1133 2224 formam
1150 2185 1278 2224 Bussae
1292 2186 1482 2237 Gregorii
1503 2186 1620 2226 XIII.
1641 2211 1654 2230 ‚
1675 2185 1714 2224 in
1732 2196 1792 2222 re·-

545 2235 673 2292 liquis
686 2237 902 2292 Negative
916 2267 927 2278 .
956 2238 1025 2278 Ad
1044 2237 1121 2277 111.
1156 2237 1310 2287 Q1oad
1326 2238 1494 2279 Sacrum
1510 2239 1696 2279 Chrisma
1708 2236 1792 2275 Ne-

546 2296 689 2338 gatrve
704 2310 717 2330 ‚
746 2298 788 2324 m
804 2291 978 2340 reliquis
994 2289 1211 2329 Affirmati
1222 2304 1273 2331 ve
1293 2320 1303 2330 .
1332 2291 1400 2330 Ad
1419 2291 1493 2333 lv.
1528 2288 1786 2331 Affirmatin're

548 2338 681 2389 quoad
697 2339 856 2379 Oleum
872 2340 1067 2381 Sanstum
1081 2351 1252 2382 tautum
1272 2344 1522 2384 tradendum
1537 2342 1786 2393 Cappessano

546 2392 809 2432 Commendae
822 2406 837 2433 ‚-
862 2392 901 2432 Sc
917 2396 1052 2442 quoad
1067 2395 1230 2434 Oleum
1244 2422 1257 2442 ,
1273 2396 1312 2435 ὃς
1328 2395 1514 2436 Chrisma
1537 2391 1779 2436 tradendum

542 2446 717 2487 Vicario
745 2443 901 2485 Curato
927 2446 1228 2497 Gruningenfis
1257 2461 1337 2500 quo
1353 2451 1452 2489 vero
1483 2450 1534 2489 ad
1568 2441 1775 2498 praetensas

550 2497 868 2539 consolationes
882 2525 896 2545 ,
924 2506 1094 2539 utantur
1110 2502 1198 2545 jure
1222 2502 1292 2540 suo
1331 2512 1468 2541 coram
1488 2503 1590 2541 Erho
1605 2495 1784 2537 Ordina-

548 2552 637 2591 tio.
666 2552 734 2591 Ad
751 2551 798 2590 V-
832 2551 1072 2601 Negative:
1106 2554 1144 2592 &
1173 2553 1351 2602 amplius
1381 2555 1423 2596 in
1439 2553 1651 2596 omnibuss
1677 2548 1715 2588 ὃς
1732 2546 1784 2586 ad
1810 2581 1817 2583 .

549 2602 780 2646 Dominum
790 2603 1074 2648 Secretarium
1091 2604 1141 2647 ad
1165 2615 1368 2649 mentem.

1649 2828 1651 2830 ¹
1683 2855 1779 2899 m-
