1934 2954
1363 100 1435 130 135

100 150 198 196 gata
238 139 392 189 justitia
419 139 700 190 interpositam
727 162 742 185 ‚
782 136 821 178 Sc
847 136 998 177 dietam
1040 136 1200 177 Serrani
1220 138 1436 188 praesenta-

100 197 265 239 tionem
285 193 461 239 rejecit,
491 193 818 246 tamquamfafi'am
847 195 886 229 in
913 190 1106 237 Personam
1131 193 1355 236 inhabilem,
1387 197 1431 238 ὼ·

94 249 239 302 prorsus
254 250 455 296 incapacem
469 248 518 285 ad
533 249 737 286 obtinendas
767 246 980 294 Dignitates
999 268 1013 288 ‚
1031 245 1075 287 (ξφ
1089 244 1274 289 Beneficia
1298 248 1331 284 E
1334 248 1429 284 ccle-

90 303 237 355 fiastica
249 313 264 340 5
294 303 378 349 quia
395 324 409 344 ‚
438 304 519 338 cnm
531 315 597 339 non
603 303 653 351 fit
666 305 812 348 integrae
818 299 931 346 samae
948 324 961 344 ,
987 311 1053 336 non
1066 297 1173 335 habet
1188 297 1380 347 qualitates
1407 302 1431 336 ὰ

100 353 185 397 iure
199 354 381 402 requistcas
399 379 412 399 ‚
442 362 487 393 ut
504 355 656 404 legitur
675 353 714 392 in
729 351 945 392 Sententia
961 362 1065 401 ‚qua
1079 361 1207 388 novus
1226 349 1430 388 terminus

98 406 150 447 ad
168 405 490 454 praesentandum
506 406 692 446 Patronis
711 405 931 454 affignatur
947 434 957 443 .
988 403 1152 442 Interea
1182 401 1429 441 Dominicus

99 459 300 499 Serranus
319 486 332 505 ,
359 460 523 499 recursu
543 460 682 499 habito
703 459 753 498 ad
769 457 935 498 Curiam
953 454 1328 504 Metropolitanam
1340 453 1436 494 Cae·-

97 511 452 561 saraugustanam‚
482 511 644 552 Literas
662 510 992 555 inhibitoriales,
1025 509 1063 548 &
1091 507 1429 556 compulsoriales

95 563 168 604 die
188 578 250 611 27.
267 563 368 613 Julii
386 566 682 613 impetraverat
698 591 711 610 ‚
740 576 838 615 quas
856 572 995 602 tamen
1016 560 1276 611 praesentavit
1292 559 1331 599 in
1345 559 1430 599 Cu-

98 615 161 657 ria
178 616 407 667 Episcopali
423 617 740 666 Terulenfi‚p0st
758 618 886 656 latam
915 613 1191 657 Sententiam,
1206 612 1272 652 die
1293 617 1329 651 8.
1349 613 1437 652 Au-

97 670 229 720 gustis
259 670 508 721 illarumque
526 671 666 719 vigore
682 693 695 712 ‚
732 669 915 718 suspensa
946 666 1224 716 exequutione
1253 665 1429 704 Senten-

98 723 169 761 tire
187 748 200 768 ‚
227 722 449 762 transmissa
465 721 631 762 fuerunt
645 723 733 761 aaa
759 720 977 772 originalia
1000 719 1051 759 ad
1080 718 1252 758 Curiam
1267 718 1433 757 Metro-

98 775 330 825 politanam
348 789 362 816 2'
393 777 431 815 &
448 776 488 814 in
504 787 552 815 ea
567 801 580 820 ‚
612 774 833 814 constituto
847 787 917 824 per
933 772 1101 813 Curiam
1119 771 1433 820 Episcopalem..

100 825 372 868 Terulensem
389 828 581 878 legitimo
598 828 866 867 Procuratore
885 852 898 872 ‚
926 826 1069 866 datum
1083 823 1164 863 fuit
1183 824 1345 862 Serrani
1361 834 1432 871 pa-

98 879 326 925 trocinium
366 879 599 929 Pauperum
623 880 914 920 Defensoribus
933 909 942 918 .
974 876 1099 916 Siluit
1134 884 1276 915 tamen
1303 874 1437 915 Causa.

97 932 225 983 usque
242 932 289 971 ad
309 945 459 972 annum
481 947 594 982 1749.
612 959 625 978 ‚
657 946 736 984 quo
752 933 891 973 citatis
923 932 1074 971 iterum
1100 929 1150 967 ad
1174 926 1432 966 instantiam..-

100 983 266 1024 Serrani
295 984 558 1025 Officialibus
587 986 720 1025 Curiae
739 985 987 1035 Episcopalis
1024 980 1255 1022 Terulenfis
1274 1004 1287 1024 ‚
1320 979 1431 1018 litis-

102 1049 183 1087 que
213 1036 479 1078 Consortibus
513 1064 526 1083 ‚
558 1038 671 1077 illius
700 1038 944 1077 Procurator
972 1035 1114 1074 Fidem
1141 1058 1154 1077 9
1187 1033 1253 1072 seu
1285 1032 1433 1080 ΕΡῙῑΟ·

102 1091 402 1179 xsnen-aostorum
430 1090 571 1140 primae
589 1116 604 1137 ‚
632 1092 671 1131 ὃς
699 1091 881 1131 secundat
899 1087 1094 1130 instantiae
1111 1098 1133 1125 a
1152 1084 1332 1124 Notario
1364 1085 1430 1124 su-

123 1150 237 1191 cepit
252 1171 261 1181 .

42 1190 98 1237 Et
115 1193 362 1234 Dominicus
388 1194 589 1240 Serrano,
616 1196 685 1247 qui
716 1194 1020 1244 Caesaraugustae
1051 1192 1210 1246 inte-rea
1239 1198 1425 1230 moratus

98 1246 238 1287 fuerat
253 1270 266 1290 ‚
295 1248 467 1287 Romam
482 1248 598 1288 venit
616 1272 628 1292 ‚
646 1249 796 1300 {ibique
815 1260 836 1287 a
855 1246 1027 1285 Dataria
1043 1243 1222 1283 conferri
1244 1243 1420 1290 postula-

96 1300 163 1340 vit
190 1298 439 1339 Beneficium
456 1327 469 1346 ‚
498 1302 585 1340 tam
601 1301 663 1339 uti
682 1301 924 1349 praesentato
940 1323 953 1343 ‚
982 1298 1021 1337 δε
1036 1296 1156 1335 unice
1173 1293 1429 1345 qualificato,

97 1351 221 1403 quam
236 1353 327 1397 jure
341 1352 541 1392 devoluto
555 1382 566 1392 .
596 1352 872 1404 Praemissaque
887 1351 928 1390 in
942 1349 1128 1399 precibus
1159 1346 1395 1385 narratione
1414 1369 1430 1390 ,

99 1404 210 1454 quod
224 1403 311 1452 ipse
328 1404 368 1443 in
386 1405 535 1454 puerili
555 1412 675 1444 :etate
691 1414 813 1455 caput
830 1403 1006 1452 antiquae
1033 1400 1187 1439 Statuae
1218 1398 1432 1444 cujusdam

98 1455 238 1495 Sancti
256 1455 338 1496 istu
356 1457 506 1505 lapidis
535 1458 576 1496 in
595 1465 748 1496 terram
772 1458 1002 1507 projecerat
1019 1479 1031 1499 ,
1061 1464 1135 1492 nec
1152 1463 1231 1490 non
1248 1451 1432 1499 imputa-

95 1516 165 1547 tus
184 1508 387 1548 extiterat
408 1535 421 1554 ,
439 1510 548 1550 male
564 1511 784 1560 loquutum
799 1507 913 1549 fuisse
937 1506 989 1547 de
1007 1504 1183 1558 quadam
1203 1503 1386 1552 Imagine
1415 1526 1433 1548 ‚

94 1559 248 1610 eosque
264 1569 433 1610 propter
450 1561 626 1602 exceffiis
654 1574 676 1601 a
690 1561 904 1601 Tribunali
932 1556 1211 1609 Inquisitionis
1226 1554 1430 1595 Valentiae

93 1621 330 1652 carceratus
347 1640 361 1660 ,
375 1614 413 1654 &
426 1615 681 1654 examinatus
694 1640 707 1660 ,
736 1613 888 1664 puerili
917 1611 1098 1651 levitate
1119 1617 1283 1649 attenta
1299 1632 1312 1651 ‚
1343 1608 1432 1646 abs-

96 1676 177 1722 que
193 1665 278 1705 ulla
294 1677 416 1715 poena
431 1690 444 1711 ,
477 1668 544 1707 vel
566 1667 814 1714 poenitentia
842 1665 978 1705 fuerat
1004 1660 1184 1702 dimissus
1202 1684 1215 1705 ‚
1235 1660 1436 1710 supplica-

99 1724 166 1756 vit
194 1743 208 1763 ,
245 1726 293 1756 ut
321 1718 513 1758 Summus
544 1718 735 1759 Pontifex
764 1719 1005 1768 dignaretur
1033 1715 1161 1764 ipsum
1204 1715 1434 1753 Oratorem-o

98 1768 220 1814 (sunt
233 1770 359 1808 verba
387 1770 737 1819 Supplicationis)
766 1784 787 1808 a
817 1769 1001 1819 quibusvis
1029 1766 1434 1808 excommunicationis,

91 1819 328 1871 suspensionis
344 1845 356 1865 ,
372 1824 416 1864 ὠ·
428 1823 617 1859 interdiffi
631 1848 644 1866 ,
671 1821 825 1871 aliisque
839 1819 1091 1867 Ecclesiasticis
1099 1817 1293 1866 sententiis
1314 1839 1327 1858 ,
1357 1829 1437 1852 cen·-

87 1872 194 1924 suris
212 1898 226 1917 ‚
253 1874 297 1916 (θ’
308 1877 418 1921 paenis
433 1898 446 1918 ,
471 1882 538 1922 per
552 1887 632 1911 eum
641 1873 901 1922 praemifforum
916 1871 1089 1917 occastone
1103 1866 1361 1917 quomodolibet
1375 1871 1439 1904 in·-

101 1926 210 1975 curfis
229 1947 244 1968 ‚
272 1927 313 1962 in
328 1934 478 1975 utroque
490 1927 582 1963 Foro
596 1926 811 1964 auetoritate
827 1922 1039 1972 Apostolica
1055 1921 1237 1968 absolvere
1253 1944 1267 1964 ‚
1285 1922 1328 1962 ξφ
1343 1929 1437 1957 tota-

100 1978 190 2016 liter
203 1976 361 2016 liberare
377 2001 392 2021 ,
423 1978 606 2028 diflasque
619 1980 814 2028 pxnassihi
835 1975 996 2026 gratiose
1009 1975 1195 2012 remittere
1212 1997 1225 2017 ‚
1242 1974 1286 2015 ὠ·
1300 1973 1432 2009 condo-

101 2040 215 2071 nare:
242 2031 565 2080 Secumquesuper
581 2032 859 2080 irregularitate
871 2037 936 2078 per
950 2040 1030 2065 eum
1048 2039 1092 2064 ex
1102 2025 1275 2075 praemiffis
1293 2036 1436 2073 quomo-

100 2082 238 2121 doh‘het
251 2083 430 2120 contraria
444 2083 649 2131 dispensare
665 2083 715 2121 ad
734 2081 933 2124 Ordines,
951 2081 990 2119 Sc
1005 2077 1221 2117 Beneficia:
1234 2089 1438 2126 omnemque

99 2134 363 2180 inhabilitatis,
380 2137 424 2178 ὠ·
440 2135 600 2182 infamiae
610 2135 804 2176 maculam,
809 2134 889 2182 five
904 2142 1037 2174 notam,
1054 2140 1181 2168 contra
1194 2143 1274 2167 eum
1289 2142 1335 2168 ex
1343 2138 1433 2178 prce-

103 2190 204 2236 miffis
221 2188 482 2237 quomodolibet
496 2188 755 2238 insurgentem,
772 2188 816 2224 ab
832 2200 870 2225 eo
881 2188 1026 2236 penitus
1044 2209 1058 2230 ,
1074 2185 1117 2228 &¹
1129 2185 1268 2222 omnino
1282 2182 1428 2227 tollere,

105 2243 152 2287 ὼ
165 2241 306 2279 abolere
320 2270 329 2279 .
1004 2268 1007 2270 .

45 2297 202 2342 Preces
225 2304 298 2341 per
313 2292 529 2332 Datariam
558 2292 722 2333 remissae
737 2290 908 2332 fuerunt
930 2289 981 2329 ad
1007 2291 1110 2329 hanc
1131 2288 1296 2328 Sacram
1313 2284 1426 2325 Con-

103 2346 420 2399 gregationem‚
450 2358 472 2384 a
501 2358 579 2396 qua
593 2345 661 2386 die
681 2360 714 2385 2.
743 2343 911 2395 Augusti
934 2355 1049 2390 175²·
1077 2341 1320 2389 rescriptum
1348 2336 1433 2378 fuit

105 2401 310 2442 ordinario
320 2407 384 2448 pro
410 2398 664 2446 informatione
679 2424 692 2443 ‚
725 2401 769 2443 ἐς·
786 2407 867 2436 voto
882 2409 910 2431 ,τ
926 2410 941 2436 ,-
967 2397 1005 2435 &
1040 2394 1211 2432 instante
1245 2392 1428 2431 iterum.»

106 2451 333 2493 Dominico
361 2450 562 2493 Serrano,
587 2450 655 2490 die
677 2465 734 2490 ιο.
753 2451 858 2489 Maii
882 2459 997 2494 1757.
1030 2459 1141 2485 novae
1170 2445 1320 2484 Literae
1356 2453 1428 2491 per

105 2516 306 2554 organum
331 2503 574 2553 Segretariae
606 2503 747 2544 status
777 2503 882 2541 datae
908 2501 1077 2540 fuerunt
1105 2499 1155 2538 ad
1188 2495 1430 2537 Nuncium.»

107 2557 392 2606 Apostolicum
420 2555 708 2603 Hispaniarum
724 2581 736 2600 ‚
761 2563 805 2594 ut
831 2554 975 2594 audito
994 2550 1247 2595 ordinario,
1276 2550 1314 2589 Sc
1338 2548 1430 2586 Me-

71 2616 76 2631 ⁷
103 2609 368 2660 tropolitano
397 2607 572 2652 referret
602 2639 614 2650 .
662 2604 887 2661 Utriusque
917 2605 1169 2649 relationem
1205 2600 1431 2696 ῐῐαυίὲηῐίῐῑὲ

109 2694 112 2695 a
273 2683 275 2686 -
1356 2666 1380 2694 u
