1934 2954
1370 111 1414 141 21

32 144 345 234 NULHUS
375 189 573 230 TERRAE
605 191 811 234 FASANI
844 194 1202 237 RESIDENTIAE
1222 227 1240 238 ..

45 249 72 288 1.
103 248 176 286 An
201 248 381 284 Sacerdos
410 247 561 294 Loprete
593 256 759 285 tencatur
787 249 837 284 ad
858 249 1078 295 personalem
1106 252 1335 298 residentiam
1378 257 1418 294 in

180 298 337 345 Ecclesta
363 301 553 348 receptitia
581 301 712 339 Sanfli
729 299 886 349 Joatmis
902 301 1069 352 Baptistae
1099 303 1218 341 Terrae
1244 303 1380 352 Fasam'
1396 305 1417 343 ἓ

180 351 220 389 &
236 358 437 400 quatenus
455 350 706 392 affirmative
723 381 733 392 .

32 404 82 443 ΙΙ,
111 403 180 444 An
193 412 334 440 attenta
350 403 450 440 illius
469 409 691 443 contumacia
710 406 760 453 fit
779 405 874 444 locus
888 408 1080 456 admiffiom·
1106 411 1191 447 novi
1209 410 1417 458 Presbyteri

177 457 216 491 in
232 455 347 493 locum
365 458 452 493 dieti
471 459 623 506 Loprete
639 481 652 500 ,
684 461 722 494 in
735 458 819 507 cafic
836 461 912 502 &a

235 610 500 654 Affirmative
519 614 569 653 ad
590 623 813 668 utrumque
829 642 842 654 .

79 823 297 865 ANUEN.
318 822 847 866 CAPPELLANIARUM
862 854 872 865 .
901 824 1028 866 Causa
1050 829 1135 865 haec
1156 853 1168 872 ‚
1194 829 1310 873 cujus
1328 827 1416 877 spe·-

87 877 197 917 ciem
210 875 397 917 dedimus
416 876 456 914 in
474 875 592 917 Folio
609 877 953 929 Congregationis
971 879 1117 918 habitae
1138 880 1204 919 die
1229 895 1243 918 1
1257 880 1416 929 1.Apri-

71 930 127 970 lis
146 928 362 978 superioris
382 928 506 975 anni,
537 933 736 980 propofita
754 930 834 970 fuit
863 931 902 969 in
920 930 1249 981 Congregatione
1277 933 1417 971 habita

69 981 142 1021 die
170 994 235 1026 25.
284 980 468 1028 ejusdem
496 984 641 1023 menfis
671 1013 680 1023 .
724 983 920 1035 Qinque
956 993 1074 1023 erant
1117 987 1204 1031 ejus
1236 984 1411 1033 Capita:

69 1046 175 1074 >nem
206 1046 229 1075 e

71 1114 74 1117 -
128 1085 161 1125 I.
179 1046 202 1084 p
217 1086 291 1124 An
317 1087 496 1125 Sacerdos
526 1086 685 1136 ‘Joannes
713 1089 932 1138 Franctsl'cus
963 1091 1139 1127 Piccardi
1171 1092 1407 1129 removendus

63 1138 116 1187 fit
129 1152 150 1176 a
168 1139 413 1188 cappellania,
429 1139 474 1175 de
487 1153 556 1187 qua
571 1144 692 1188 agitur
710 1140 731 1179 ε’
749 1142 786 1181 Sc
803 1150 1004 1192 quatenus
1030 1140 1277 1181 affirmative
1295 1172 1305 1182 .

127 1189 183 1229 II.
238 1191 312 1229 An
329 1191 487 1229 Clericus
506 1191 640 1240 Joseph
662 1195 707 1230 de
723 1196 885 1242 Donghis
913 1208 934 1230 ιι
963 1194 996 1230 T
992 1193 1137 1242 estatore
1155 1204 1304 1232 vocatus
1323 1218 1335 1237 ‚
1360 1194 1410 1241 fit

74 1244 297 1281 ordinandus
312 1245 360 1280 ad
378 1244 528 1281 titulum
539 1246 718 1292 praedtfii‘ae
735 1244 974 1294 Cappellaniae
1002 1248 1040 1282 in
1060 1247 1225 1284 Civitate
1245 1248 1408 1291 cadim,

65 1295 223 1344 servata
239 1296 492 1344 Constitutione
506 1298 705 1335 Innocentii
723 1297 807 1336 XII.
827 1299 1022 1346 incipiente
1040 1297 1333 1345 Speculatores
1345 1296 1367 1334 ?

137 1345 214 1384 III.
268 1347 344 1384 An
360 1361 473 1384 omnes
490 1349 699 1396 cappellani
714 1349 867 1397 Joannis
883 1348 1088 1397 Augustini
1104 1349 1264 1399 Coppelli
1277 1355 1316 1388 in
1334 1349 1407 1387 Ioco

74 1398 256 1440 Vulturis
269 1401 389 1448 poffint
403 1400 584 1438 celebrare
602 1409 669 1450 per
682 1400 770 1438 alios
787 1416 806 1438 a
815 1402 858 1450 se
872 1401 949 1451 ipfis
966 1400 1144 1447 eligendos
1161 1400 1181 1438 ,Ρ
1212 1401 1250 1441 &
1267 1413 1413 1453 quate·-

72 1461 151 1489 nus
168 1449 415 1491 affirmative
429 1482 439 1491 .

77 1538 83 1541 ,
128 1500 198 1541 IV.
251 1505 323 1542 An
335 1518 357 1542 a
375 1505 456 1543 PF.
473 1504 678 1543 Carmelitis
707 1507 880 1543 debeatur
896 1505 1108 1554 Coppellano
1131 1506 1325 1557 substituto
1354 1519 1410 1543 ιω

74 1555 170 1593 Rev.
189 1556 386 1595 Emanuele
400 1559 564 1594 Antonio
581 1559 627 1594 de
643 1559 807 1607 Donghis
837 1562 977 1606 integra
993 1558 1208 1611 eleemosyna
1220 1570 1283 1609 pro
1298 1561 1359 1598 Mi
1383 1571 1411 1596 ts

72 1606 186 1657 usque
201 1621 296 1645 nunc
311 1609 500 1647 celebratis
517 1635 529 1655 ‚
546 1611 589 1652 ἶς’
604 1613 643 1646 in
652 1611 826 1660 posterum
842 1609 1103 1649 celebrandis?

129 1657 181 1697 V.
235 1661 305 1699 An
321 1663 476 1711 Lapides
491 1687 505 1707 ‚
532 1663 656 1711 quibus
672 1677 776 1702 onera
796 1664 877 1702 ΡΡ.
897 1662 1178 1702 carmelitarum
1208 1665 1298 1702 diffli
1317 1667 1412 1703 Con-

76 1720 205 1748 ventus
223 1713 396 1752 Vulturis
411 1715 589 1763 inscripta
596 1713 688 1761 fimt
703 1739 716 1759 ‚
745 1729 764 1752 e
797 1714 982 1752 celebriori
1013 1715 1084 1754 loco
1110 1713 1155 1755 'in
1172 1717 1354 1766 obscurum
1371 1717 1414 1753 ab

79 1763 156 1811 ipsis
169 1765 247 1802 ΡΡ.
263 1766 467 1804 Carmelitis
483 1766 654 1804 translati
669 1794 681 1811 ‚
714 1767 925 1816 restituendi
941 1768 1017 1814 stat
1032 1771 1156 1807 eodem
1169 1793 1182 1812 ‚
1212 1783 1276 1819 quo
1307 1778 1409 1807 erant

76 1814 155 1854 Ioco
166 1816 273 1864 usque
287 1832 308 1854 a
317 1818 532 1864 fundatione
544 1820 631 1854 dicta·
650 1822 849 1857 Conventus
869 1845 880 1863 ‚
901 1822 943 1861 59·
957 1818 991 1852 E
994 1820 1120 1868 cclestae
1135 1846 1147 1864 ,
1156 1819 1272 1872 juxta
1287 1821 1417 1859 volun-

80 1876 195 1904 tatem
200 1868 404 1916 supradiffl
418 1870 572 1918 ‘Joannis
587 1872 791 1920 Augustini
808 1896 820 1915 ‚
851 1874 894 1914 &⁴
922 1869 1078 1919 Joannis
1097 1873 1415 1923 Bapttstaegerma*

82 1931 210 1956 norum
223 1918 396 1960 Fratrum
409 1925 454 1959 de
474 1923 651 1971 Cappellis
673 1924 893 1972 Testatorum
903 1948 916 1967 ‚
931 1926 969 1958 in
983 1923 1067 1971 casu
1084 1927 1158 1966 &a

130 1970 289 2020 Qibus
319 1974 612 2023 responderunt
639 1975 731 2013 Emi
762 1974 905 2014 Patres
927 2002 935 2012 .
979 1977 1053 2012 Ad
1084 1974 1115 2013 I.
1150 1974 1392 2024 Affirraative
1405 2003 1416 2013 .

84 2022 164 2060 'Aa
182 2022 235 2062 ΙΙ.
253 2026 386 2064 Dilata
401 2050 415 2070 ‚
440 2027 684 2074 &scribatur
697 2028 982 2076 Archiepiscopo
990 2024 1110 2077 juxta
1126 2027 1389 2077 instruffionem
1405 2054 1416 2066 .

83 2075 252 2115 Ad111.
273 2076 341 2115 IV.
360 2103 372 2123 ,
390 2081 434 2121 (ς’
448 2079 498 2117 V.
514 2080 770 2127 Affirmative.
988 2077 990 2080 ’

0 2156 1 2160 η
29 2125 345 2178 'Acquieverunt
361 2130 484 2169 editis
499 2130 814 2170 resolutionibus
845 2128 919 2168 ΡΡ.
938 2130 1175 2170 Carmelitae
1194 2162 1203 2171 .
1235 2131 1312 2171 Sed
1343 2143 1417 2169 no-

83 2191 179 2219 vam
204 2180 461 2222 audientiam
493 2183 626 2234 quoad
657 2182 834 2231 primum
851 2181 1033 2224 Dubium
1064 2184 1310 2230 impetravit
1341 2183 1413 2222 Sa-

81 2231 227 2273 cerdos
243 2233 414 2283 joannes
444 2234 676 2274 Franciscus
706 2233 892 2273 Piccardi
908 2248 923 2275 5
948 2235 1143 2286 quocirca
1163 2237 1327 2276 ‘distulit
1344 2235 1412 2284 Jo-

75 2283 179 2333 *seph
223 2285 387 2336 Donghi
417 2285 575 2327 Litcras
614 2287 798 2335 accipere
841 2286 893 2325 ad
934 2287 1301 2339 Archiepiscopum
1344 2287 1411 2337 Ja-

79 2338 278 2378 nuensem
309 2338 646 2379 transmittendas
675 2352 769 2378 cum
802 2338 1059 2379 instruffione
1077 2341 1246 2381 decreta
1277 2338 1410 2391 quoad

83 2388 305 2430 secundum
334 2391 512 2431 Dubium
540 2422 549 2430 .
591 2392 715 2432 Causa
742 2404 848 2435 nunc
872 2391 1023 2431 iterum
1055 2394 1297 2442 proponitur
1313 2405 1328 2432 5
1370 2391 1411 2430 ὃς

82 2448 256 2493 utraque
272 2442 370 2482 Pars
403 2443 594 2483 innititur
625 2445 843 2483 voluntate
859 2443 1025 2492 joannis
1053 2444 1273 2494 Augustini
1304 2444 1410 2492 Cap-

82 2493 185 2538 pelli
202 2494 559 2543 Cappellaniarum
577 2496 818 2536 Fundatoris
837 2524 845 2535 .
876 2495 912 2533 Is
931 2496 1043 2537 enim
1056 2497 1216 2545 septem
1232 2495 1412 2545 reliquit

79 2540 367 2599 Cappellanias
397 2549 437 2587 in
457 2547 634 2587 Ecciefia
666 2547 894 2587 parochiali
913 2548 1105 2589 Vulturis
1124 2573 1138 2592 ‚
1170 2562 1264 2589 cum
1283 2559 1409 2587 onere

79 2590 209 2635 ,M-1ffae
249 2601 495 2649 quotidiana:
525 2627 537 2645 ,
580 2613 651 2648 pro
696 2600 874 2639 totidem
902 2599 1165 2648 Cappcssanis
1207 2598 1410 2650 eligendis

79 2656 108 2686 ²
130 2645 378 2694 Provinciafi
393 2678 406 2698 ‚
440 2653 478 2691 &
511 2665 530 2691 a
549 2652 688 2692 Priore
704 2652 1030 2694 Carmelitarum
1045 2652 1409 2741 Disffllceatofflssp

79 2727 85 2730 -
1303 2716 1369 2751 em
1390 2721 1410 2730 -

1461 205 1636 258 Sess.24.
1653 218 1752 263 capa
1764 226 1796 254 2.

1460 260 1506 297 de
1519 263 1680 310 Reform.

1453 854 1548 902 Sess.
1558 867 1616 891 22.
1646 863 1720 905 cap.
1730 858 1772 894 8.·
1824 904 1827 907 Δ

1454 908 1500 945 de
1511 906 1670 953 Reform.
