1934 2954
508 184 1190 226 CONCL‘USIONUM.

116 237 196 279 gulis
219 233 299 267 annis
311 235 457 276 eligendus
478 238 535 268 est.
558 242 584 272 §-
607 239 736 279 Perusina
752 247 807 280 pa-

111 289 174 318 gm.
187 288 212 312 7.

157 323 192 348 Et
216 328 232 346 a
244 319 271 347 S.
286 320 322 348 C.
334 319 515 349 confirmatus
530 320 585 350 suit
604 332 657 360 pro
682 320 806 352 secundo

116 370 189 390 antio
202 380 210 388 .
229 360 252 390 ᾗ.
268 358 400 395 Perusina
407 369 474 399 pag.
489 369 537 396 73.

75 400 285 440 Privilegium.
309 401 346 429 V.
367 402 570 441 Monasterium
588 424 597 433 .
618 403 808 441 Confi-aterni-

105 449 156 471 =tas
171 461 180 470 .

77 480 305 512 Proeeliionibus
328 491 362 511 an
375 482 500 513 interesse
524 485 626 525 possint
640 486 808 525 Presbyteri

115 532 172 551 non
184 522 281 552 vocati
297 543 304 550 .
327 525 351 553 §-
363 527 484 553 Demum
492 534 559 565 pag.
577 536 587 554 1
597 536 644 561 ις.

75 561 255 595 Profeffionis
264 562 386 593 nullitas
398 567 581 604 proponenda
594 569 629 597 css
641 565 714 597 infra
724 567 810 608 quin-

113 604 272 643 quennium
285 624 294 632 .
317 606 344 636 §-
355 604 626 646 1ssediolanen.pag.
641 611 689 642 89.

154 647 190 673 Et
211 644 241 673 in
264 644 346 675 illius
369 646 484 683 judIcio
514 648 647 677 servanda
672 650 708 678 est
723 647 813 679 {orma

113 684 277 725 praescripta
292 697 308 715 a
319 687 468 717 Benedicto
486 690 570 719 xtv.
582 710 589 717 .
607 688 712 719 ibidem
723 706 734 717 0

156 726 318 756 Consensus
330 727 438 758 interni
449 727 571 759 def-:etus
584 741 617 759 an
630 729 814 760 officiatpro-

114 764 224 795 feffioni
237 767 335 798 emiss'ae
348 768 400 799 fine
411 768 461 802 vi,
473 771 501 798 δι
513 779 588 800 metu
606 793 613 800 .
637 774 661 803 Φ.
676 775 745 800 Cum
756 771 813 801 ita·

113 815 241 847 quepag.
253 818 306 843 91.

156 849 189 876 In
202 850 291 879 dubio
311 857 407 879 autem
420 849 543 879 standum
568 852 603 881 est
614 862 666 891 pro
677 852 814 883 nullitate

112 888 236 928 allegata
258 900 296 920 ex
312 888 420 920 defestu
444 890 593 921 consensus
610 912 618 923 .
641 897 665 926 ὁ.
680 897 716 924 Et
743 892 814 923 nihil

105 939 174 970 pag.
185 940 234 965 9¹·

153 974 190 1000 Et
202 982 236 1000 an
249 974 439 1008 juramentum
450 973 627 1004 assertorium
648 974 809 1005 validitatis

106 1011 291 1044 Prosellionis
303 1012 453 1044 confirmet
477 1013 677 1054 professionem
689 1016 808 1045 nullam?

111 1058 138 1088 ᾗ.
149 1056 185 1084 Et
198 1053 342 1092 nIhilpag.
357 1064 408 1088 9¹·

153 1094 259 1124 Tacita
268 1093 400 1134 proseffio
423 1095 469 1124 vel
481 1096 652 1129 ratihabitio
673 1097 808 1129 excludi-

111 1144 159 1166 tur
173 1145 224 1175 pet
241 1135 456 1174 conquestiones
470 1158 477 1166 .
502 1137 608 1167 ibidem
621 1159 629 1166 .

152 1179 189 1206 Et
211 1177 308 1215 inopia
325 1176 532 1216 pecuniarum,
552 1179 659 1218 quibus
679 1189 750 1218 opus
772 1181 808 1210 est

114 1217 150 1247 ad
172 1217 254 1246 litem
276 1216 431 1257 agendam,
453 1218 574 1249 excusat
595 1219 702 1260 alapsu
722 1221 809 1261 quin-

109 1258 231 1299 quennii
243 1278 251 1286 .
273 1257 377 1287 ibidem
388 1277 397 1287 .

153 1301 211 1329 Pro
223 1299 358 1328 nullitate
381 1307 474 1328 autem
486 1299 668 1331 Professionis
680 1303 808 1342 requiri-

110 1349 158 1370 tur
190 1349 280 1369 metus
303 1339 404 1369 cadens
438 1340 465 1370 in
486 1344 658 1372 conflantem
688 1344 785 1374 virum
800 1364 810 1374 .

110 1384 136 1414 §-
147 1382 277 1411 Praeterea
284 1389 350 1419 pag.
364 1391 412 1413 92·

154 1423 221 1451 Nee
246 1420 289 1450 vis
301 1420 480 1460 praesumitur
500 1422 605 1459 illata,
626 1425 676 1454 ubi
699 1424 810 1457 Judicis

108 1461 239 1493 officium
247 1463 342 1501 praesto
355 1472 416 1491 crat
430 1484 436 1491 .
455 1462 557 1493 ibidem
567 1481 578 1492 ·

146 1502 293 1542 Nihilque
305 1501 440 1533 officiunt
467 1505 616 1536 validitati
631 1505 810 1545 profeffionis

110 1543 248 1573 suasione-s
269 1544 357 1574 etiam
376 1544 546 1583 importunae
559 1568 567 1576 .
591 1550 615 1579 9.
629 1550 663 1578 Et
676 1547 735 1576 ideo
756 1556 813 1586 pa-

106 1594 172 1624 gm.
181 1594 231 1618 9²--

151 1627 188 1654 Et
199 1625 329 1654 internus
342 1625 475 1656 dissensus
486 1635 545 1654 non
556 1628 718 1657 attenditur
730 1645 741 1658 ‚
759 1627 810 1656 ubi

113 1665 213 1696 deficit
229 1665 274 1696 vis
286 1684 298 1697 ‚
319 1667 347 1694 Sc
361 1675 453 1695 metus
469 1686 477 1694 .
501 1664 630 1694 ibidem.

152 1708 246 1741 Cujus
261 1705 374 1743 insuper
386 1704 516 1733 diffensus
529 1706 665 1743 probatio
674 1704 811 1734 excludi-

108 1753 157 1775 tur
177 1754 225 1784 pet
239 1748 426 1780 juramentum
449 1745 631 1774 aslertorium
648 1745 808 1775 validitatis

109 1785 288 1825 ptoseffionis
302 1785 453 1824 praestitum
467 1787 617 1816 occasione
640 1785 806 1815 ordinatio-

109 1826 154 1856 nis
167 1847 174 1854 .
197 1829 222 1859 §-
233 1829 431 1865 Demumpag.
444 1835 494 1862 93.

148 1869 213 1896 Nee
226 1868 440 1906 conquestiones
453 1867 689 1904 extrajndieiales
703 1867 805 1898 exclu-

110 1907 183 1938 dunt
194 1906 429 1937 ratihabitionem
442 1928 450 1937 .
474 1907 579 1938 ibidem
589 1925 599 1937 ο

71 1947 275 1981 Profesfionem
295 1947 374 1977 fuiss'e
394 1959 444 1987 per
471 1958 576 1978 metum
599 1948 719 1979 emissam
742 1959 807 1988 pro-

112 1990 174 2020 bari
193 1990 281 2029 potest
300 1989 472 2025 conjesturis
484 2010 492 2019 .
530 1992 554 2022 ὁ.
568 1993 605 2022 Et
627 1989 741 2020 Oratrix
755 1998 811 2029 pa-

108 2031 174 2071 gin.
188 2040 252 2064 171·

149 2073 216 2102 Nec
227 2070 421 2111 profeffionem
434 2072 604 2101 confirmant
619 2072 719 2101 munia
727 2082 809 2102 exer·

112 2113 171 2143 cita
183 2113 238 2141 fine
250 2112 342 2141 animo
355 2112 514 2142 ratificandi
527 2133 534 2141 .
555 2112 656 2142 ibidem
671 2134 680 2143 .

151 2153 236 2183 Sicut
246 2153 333 2182 ctiam
343 2154 559 2189 conquestiones
581 2153 747 2183 excludunt
765 2165 809 2184 ra-

113 2193 299 2224 tificationem
308 2192 500 2233 praesumptam
513 2206 548 2225 ex
561 2194 636 2235 lapsa
651 2196 788 2234 temporis
801 2215 810 2224 .

112 2234 218 2264 ibidem
229 2255 239 2263 .

153 2278 247 2304 Metus
270 2283 361 2304 tamen
384 2274 507 2306 incussus
520 2276 555 2305 ad
570 2276 660 2305 alium
681 2274 810 2306 effe&um

115 2327 171 2346 non
195 2315 293 2345 irritat
316 2315 516 2356 professionem
541 2337 550 2345 .
583 2321 606 2350 9.
634 2319 737 2346 Verum
756 2325 807 2356 pa-

111 2367 175 2398 gln·
189 2366 256 2390 172.

155 2400 193 2427 Et
205 2398 234 2427 in
245 2397 337 2426 dubio
347 2396 534 2434 judicandum
548 2399 583 2428 est
597 2408 650 2437 pro
671 2397 810 2428 validita-

115 2446 144 2467 te
157 2437 333 2476 profeffionis
347 2458 356 2467 .
378 2437 481 2467 ibidem
497 2458 507 2469 ·

156 2480 249 2515 Cujus
276 2479 364 2508 tacita
373 2477 529 2508 ratificatio
553 2478 705 2508 inducitur
717 2489 752 2507 ex
771 2488 819 2517 ge*

116 2517 161 2546 ssis
172 2519 336 2549 muneribus
348 2537 360 2551 ,
382 2529 449 2557 quae
458 2520 637 2550 conveniunt
660 2518 728 2548 solis
742 2520 814 2549 Pro·

115 2556 189 2586 feliis
203 2579 211 2586 .
234 2558 335 2589 ibidem
346 2581 355 2588 .

78 2597 260 2629 Provisiones
285 2600 454 2640 Apostolicae
492 2611 547 2630 non
571 2608 707 2631 evertunt
731 2599 817 2629 unio·

114 2649 178 2667 nem
189 2655 199 2668 2
220 2648 272 2668 nee
284 2640 418 2672 Beneficii
428 2643 528 2672 statum
541 2641 705 2673 immutant.
720 2644 746 2674 ὁ.
758 2644 812 2672 Ve-

112 2689 177 2709 rum
183 2686 252 2718 pag.
265 2683 293 2710 6.

852 232 1133 281 Psalmi‘Graduales
1149 253 1160 266 ,
1184 236 1212 264 δι
1225 235 1445 268 Poenitentiales
1457 256 1468 269 .
1492 200 1589 269 Vico?-

891 276 986 306 nemci
995 296 1004 305 .

849 446 917 525 Q
940 480 1084 510 Uaesluare
1099 483 1138 510 V.
1152 482 1351 511 Mendicantes
1362 499 1374 510 ·

851 521 988 563 Qalitas
1004 519 1141 550 scholaris
1156 521 1262 552 sufficit
1287 520 1320 550 dc
1336 521 1408 552 sasto
1421 522 1567 552 verificari
1580 540 1592 554 ‚

891 574 942 593 nec
958 563 993 592 est
1005 561 1209 602 inquirendum
1227 564 1260 593 de
1278 563 1475 602 qualitatibus
1491 564 1595 601 requi·

889 603 948 634 sitis
972 613 1025 643 pro
1040 603 1203 634 admissione
1225 604 1261 634 ad
1286 603 1430 634 scholam.
1456 610 1481 637 9.
1496 604 1594 642 Vigore

890 654 957 685 pag.
969 654 1016 673 ιι..

935 685 1030 715 Debet
1044 695 1135 715 tamen
1149 685 1293 716 verificari
1319 687 1379 716 astu
1392 704 1402 717 2
1425 697 1476 715 nec
1489 685 1595 715 sufficit

893 725 927 755 de
938 726 1087 766 praeterito
1100 747 1110 757 .
1140 730 1165 761 ᾧ.
1178 728 1234 757 Nec
1245 727 1333 767 censet
1343 744 1356 759 2
1379 731 1414 756 ΕΓ
1433 731 1460 761 §-
1471 730 1593 758 Conten-

895 766 1011 806 ditpag.
1025 777 1073 804 23.
1327 769 1329 771 ’

936 809 1061 848 ideoque
1075 820 1172 840 carens
1193 809 1265 839 dieta
1276 808 1418 849 qualitate
1441 811 1501 839 astu
1513 827 1525 840 ‚
1549 819 1593 838 re-

897 859 1030 879 movetur
1045 860 1061 879 a
1073 851 1260 890 Cappellania
1283 848 1462 880 scholaribus
1474 849 1571 880 reliffi.
1582 866 1593 880 ,

898 890 969 920 licet
981 889 1015 919 ad
1031 890 1113 920 illius
1125 891 1244 922 titulum
1254 890 1319 921 efl'ct
1332 890 1481 920 ordinatus
1497 911 1506 920 .
1518 892 1595 926 §.Ja-

898 941 986 961 nuen.
998 940 1066 971 pag.
1081 942 1130 962 ιι.

857 973 972 1010 Qarta
986 971 1124 1002 funeralis
1138 973 1272 1003 solvenda
1282 973 1318 1001 est
1329 982 1344 1000 a
1355 971 1554 1011 Regularibus
1566 970 1595 999 in

890 1022 996 1052 quarta
1007 1023 1085 1050 parte
1099 1015 1225 1043 omnium
1237 1011 1416 1044 candelarum
1428 1031 1439 1044 ,
1463 1012 1592 1052 exceptis

890 1055 926 1084 iis
941 1072 951 1085 2
975 1064 1036 1094 quae
1052 1054 1088 1084 ad
1100 1066 1197 1085 manus
1212 1053 1378 1084 deferuntur
1391 1072 1399 1082 .
1421 1055 1447 1087 9.
1460 1055 1594 1092 Exprimo

885 1105 954 1136 pag.
967 1104 1017 1132 94.

938 1139 977 1165 At
994 1146 1042 1175 per
1055 1135 1297 1167 Constitutionem
1310 1134 1521 1166 Benediffinam
1531 1134 1596 1163 sub-

890 1178 951 1207 lata
971 1187 1027 1205 non
1055 1175 1110 1206 suit
1135 1177 1280 1216 exemptio
1312 1186 1348 1206 ex
1369 1175 1597 1206 immemorabili

892 1226 1060 1258 competens
1075 1219 1206 1248 Ecclefiae
1221 1216 1338 1247 Matrici
1354 1239 1361 1246 .
1384 1221 1410 1251 §.
1425 1220 1459 1248 Et
1473 1216 1593 1255 ἰάσομ-

887 1261 954 1299 gin.
964 1268 1016 1296 94.

932 1302 999 1331 Nec
1026 1299 1137 1330 sublata
1155 1299 1210 1330 fuit
1231 1298 1408 1330 consuetudo
1431 1299 1511 1330 circa
1531 1307 1594 1326 mo-

893 1340 960 1370 dum
979 1341 1164 1381 praestationis
1177 1341 1302 1379 ejusdem
1313 1350 1423 1380 quart->e
1436 1361 1444 1369 .
1466 1339 1570 1369 ibidem
1584 1357 1595 1367 .

937 1382 1095 1420 Minusque
1109 1382 1265 1420 derogatur
1280 1381 1467 1410 conventioni
1479 1380 1556 1409 inita:
1566 1378 1597 1407 in

894 1422 991 1452 limine
1004 1421 1181 1451 sundationis
1198 1443 1205 1450 .
1230 1420 1332 1450 ibidem
1346 1442 1354 1450 .

937 1466 1032 1492 Datur
1063 1470 1154 1492 tamen
1186 1462 1268 1500 optio
1301 1462 1434 1492 Parocho
1457 1458 1597 1500 sequendi

894 1503 1130 1534 consuetudinem
1144 1522 1155 1535 ,
1178 1503 1222 1532 vel
1245 1502 1440 1542 consequendi
1460 1509 1597 1540 quartam

896 1554 1005 1584 partem
1028 1563 1039 1576 ,
1063 1544 1186 1574 collatis
1217 1542 1274 1572 suis
1295 1542 1483 1583 portionibus
1505 1551 1574 1571 cera:
1585 1559 1596 1571 2

894 1585 930 1615 ad
952 1585 1031 1614 instar
1057 1594 1165 1624 quartae
1192 1584 1329 1623 legitimae
1356 1583 1458 1612 debitae
1485 1581 1574 1611 Matri
1587 1598 1598 1610 ο

894 1630 921 1658 §-
933 1629 969 1655 Iit
981 1635 1194 1663 quatenuspag.
1212 1633 1262 1658 95.

936 1665 982 1693 Ad
1003 1663 1174 1701 probandam
1195 1674 1266 1693 vero
1289 1663 1529 1694 consuetudinem
1549 1662 1596 1691 de-

895 1703 1045 1731 mandatur
1061 1703 1188 1732 Testium
1202 1711 1324 1731 examen
1336 1703 1456 1733 formale
1469 1726 1478 1734 .
1490 1706 1515 1739 §-
1527 1702 1598 1735 Ani-

892 1743 1128 1774 madvertendum
1135 1751 1204 1781 pag.
1220 1751 1272 1777 95.

1185 1830 1257 1894 R

852 1953 921 2017 R
937 1948 1056 1978 Edufflo
1069 1957 1122 1987 pro
1134 1945 1225 1977 Miffis
1247 1957 1296 1988 per
1307 1947 1484 1977 comma-sm
1508 1953 1591 1976 acced

943 1990 1029 2028 pratis
1044 1999 1101 2017 non
1113 1989 1197 2018 datur
1213 2008 1220 2016 .
1243 1986 1439 2026 §.Siluitpago
1453 1991 1504 2023 36.

933 2031 997 2058 Nee
1012 2039 1144 2059 tenentur
1160 2028 1294 2059 Haeredes
1320 2028 1356 2057 ad
1373 2027 1596 2067 supplementum

892 2070 975 2099 fundi
991 2091 998 2099 .
1023 2069 1126 2099 ibidem
1141 2091 1150 2099 .

853 2112 1014 2148 Regularcs
1030 2114 1065 2140 V.
1078 2110 1276 2141 Mendicantes
1289 2131 1297 2139 .
1319 2107 1459 2139 Monachi
1473 2128 1483 2137 .

853 2146 1009 2191 Repetitio
1024 2153 1114 2182 tacita
1129 2161 1249 2180 onerum
1274 2150 1304 2180 in
1317 2149 1467 2189 posteriori
1481 2147 1600 2188 disposi-

891 2195 971 2222 tione
993 2211 1004 2224 ‚
1037 2203 1070 2222 an
1089 2191 1275 2232 praesumatur
1301 2195 1311 2219 ἒ
1343 2194 1373 2224 §-
1393 2189 1528 2223 Amerina
1545 2198 1599 2229 pa-

889 2233 952 2273 giu.
966 2238 1015 2266 76.

854 2274 1016 2306 Refidentia
1037 2272 1170 2304 servanda
1183 2275 1218 2304 est
1243 2271 1451 2312 aPresbyteris
1474 2272 1597 2311 partici-

893 2314 1029 2355 pantibus
1054 2317 1186 2346 Ecclesia:
1211 2313 1370 2354 receptitiae
1383 2334 1392 2342 .
1415 2317 1440 2348 §.
1464 2314 1597 2344 Sacerdos

889 2365 958 2396 pag.
974 2358 1023 2386 18.
1555 2393 1562 2399 Ι
1579 2391 1582 2394 ,

937 2396 996 2425 Sub
1020 2396 1112 2434 poenis
1134 2397 1241 2434 dejure
1257 2414 1268 2428 2
1291 2397 1419 2426 &aSac·
1436 2397 1531 2425 Cone.
1553 2402 1596 2421 m-

898 2436 979 2467 fliffls
993 2447 1095 2467 contra
1108 2448 1164 2467 non
1177 2436 1331 2482 relfidentes
1347 2458 1354 2465 .
1366 2438 1395 2468 §0
1408 2435 1516 2477 ⁸Quoad
1527 2443 1597 2463 onus

893 2486 961 2516 pag.
977 2482 1024 2507 18.

939 2520 1005 2549 Nec
1019 2518 1133 2558 longior
1149 2518 1211 2548 illis
1222 2536 1232 2550 ‚
1253 2518 1338 2557 quam
1363 2515 1524 2548 Canonicis
1534 2523 1599 2554 pet-

899 2557 1026 2588 mittitur
1038 2559 1162 2589 absentia
1174 2580 1182 2588 .
1209 2559 1314 2588 ibidem
1328 2581 1337 2588 .

940 2600 995 2629 Sed
1007 2600 1151 2630 neceffitas
1175 2599 1304 2630 mutandi
1317 2609 1407 2631 aerem
1430 2597 1537 2637 praebet
1549 2598 1598 2631 ju-

892 2640 957 2669 stam
985 2636 1098 2671 causam
1126 2640 1343 2682 dispensationis
1380 2650 1396 2668 a
1425 2635 1570 2669 residentia
1581 2653 1593 2666 ο

894 2682 920 2715 §-
933 2686 1021 2714 suam
1029 2690 1100 2721 pag.
1115 2690 1165 2719 54.
1520 2714 1599 2747 Refi-
