1934 2954
494 139 563 178 108
1460 146 1483 191 (ὃ

480 191 624 230 Dubiis
643 192 681 230 in
698 192 1024 242 Congregatione
1043 195 1177 234 habita
1190 196 1256 236 die
1276 199 1334 235 28.
1350 194 1504 245 Aprilis
1528 208 1639 242 1759-
1659 222 1670 239 ‚
1686 196 1722 234 δ’,
1739 208 1809 235 ex-

480 243 664 293 cipiente
684 244 835 294 Magno
848 244 986 286 Priore
1009 248 1056 287 de
1074 248 1320 299 illegalitate
1335 257 1544 300 exequuta:
1556 246 1805 287 commistio-

480 297 541 336 nis
558 320 571 340 ‚
593 297 833 338 rescriptum
852 297 932 338 fuit
952 315 977 335 =
994 302 1123 338 Firma
1140 312 1343 339 remanente
1355 301 1551 350 provisione
1563 304 1684 339 Curiae
1712 303 1807 338 Con-

469 349 613 399 stantiae
630 375 643 394 ‚
672 350 794 388 dilata
808 375 820 395 ‚
856 355 900 396 &³
926 355 1204 403 transmittatur
1234 355 1418 403 Proceffus
1447 355 1497 392 ad
1526 357 1688 392 Sacram
1718 356 1810 392 Con-

472 408 721 453 gregacionem
741 434 750 443 .

434 461 581 501 Denuo
615 469 718 496 nunc
745 456 958 496 subiicitur
999 458 1292 507 sapientissimo
1320 458 1678 505 EE.VV.judicio
1706 457 1804 497 defi-

481 509 629 551 nienda
647 521 693 548 ex
711 508 760 548 iis
778 535 790 554 ‚
808 522 893 559 quae
912 521 957 548 ex
972 512 1195 551 transmisso
1214 512 1396 551 Processu
1413 537 1425 556 ‚
1454 512 1623 562 aliisque
1647 510 1803 561 pridem

480 562 673 603 exhibitis
703 560 964 601 documentis
993 574 1190 604 eruuntur
1208 595 1217 604 .
1252 565 1355 603 Sane
1373 576 1419 603 ex
1442 563 1563 602 Libro
1579 565 1803 613 proclama-

482 617 643 656 tionum
661 641 673 660 ,
692 615 730 654 Sc
749 614 1074 656 investiturarum
1093 617 1225 657 Curiae
1254 616 1494 656 Constanti-e
1523 618 1674 655 constat
1691 643 1703 661 ‚
1730 616 1803 655 Pa-

479 681 576 719 gum
595 666 1000 707 Steinenstattensem
1017 682 1120 710 anno
1151 683 1264 719 ¹474·
1288 669 1493 719 propriam
1522 668 1698 707 habuisse
1726 670 1805 707 Ec⁴

481 722 644 761 cleliam
661 718 943 759 Parochialem
960 748 972 767 ‚
988 735 1108 771 quam
1124 722 1262 762 ferunt
1279 720 1608 761 inundationibus
1637 730 1803 760 conter-

479 773 582 812 mini
597 771 798 811 Fluminis
823 773 1117 816 Rhenideinde
1133 777 1314 815 eversam
1342 772 1459 813 fuisse
1480 803 1489 813 .
1522 772 1622 811 Suos
1651 773 1804 812 nihilo-

479 825 615 864 minus
633 823 807 863 retinuit
823 824 922 864 fines
941 828 1107 879 antiqua
1122 829 1489 868 Steinenstattenfis
1501 824 1699 864 Parochia
1717 850 1730 870 ‚
1755 833 1806 863 ut

482 876 632 917 retulit
651 875 856 915 Officialis
882 877 1219 922 Constantiensiss
1253 882 1292 921 &
1317 879 1465 919 Literae
1497 878 1737 918 exhibentur
1752 877 1802 916 ab

478 929 679 979 Episcopo
695 928 904 970 Bafileenfi
918 930 1018 971 Loci
1033 932 1186 973 Barone
1206 935 1364 982 scriptae
1379 944 1484 971 anno
1506 936 1619 974 1583-
1646 930 1695 969 ad
1715 930 1804 969 Ma·-

475 994 602 1032 gnum
620 981 848 1020 Alemaniae
864 982 1045 1023 Priorem
1063 1012 1075 1029 ‚
1091 995 1137 1025 ut
1151 984 1572 1026 Steinenstattenfibus
1600 983 1803 1023 concede-

477 1042 543 1072 ret
556 1034 681 1083 aliqua
697 1034 813 1070 Prata
827 1036 924 1083 Pago
935 1039 1102 1085 proxima
1117 1064 1130 1083 ‚
1161 1038 1199 1076 in
1226 1038 1370 1088 quibus
1399 1036 1463 1074 illi
1492 1033 1649 1083 poffent
1674 1046 1802 1073 novas

476 1084 600 1124 AEdes
614 1085 841 1123 construere
864 1085 1155 1133 irruptionibus
1176 1089 1356 1135 ejusdem
1372 1087 1569 1127 Fluminis
1584 1087 1716 1126 minus
1735 1099 1802 1127 ex·-

474 1138 619 1187 pofitas
638 1135 755 1174 :hinc
771 1136 983 1178 inferendo
1000 1166 1011 1184 ,
1026 1140 1179 1190 Pagum
1196 1154 1244 1180 eo
1262 1142 1352 1180 loco
1369 1141 1527 1187 semper
1543 1138 1689 1179 stetiffe
1707 1165 1721 1184 ‚
1755 1139 1799 1178 in

472 1201 551 1240 quo
569 1200 674 1228 nune
689 1189 741 1227 est
759 1218 768 1227 .
791 1188 877 1228 Post
895 1192 1076 1231 eversam
1094 1193 1314 1232 Ecclesiam
1329 1192 1633 1236 parochialem,
1650 1200 1694 1231 ut
1711 1203 1804 1239 per-

471 1242 534 1290 git
549 1241 682 1280 dic‘tus
694 1239 898 1282 Officialis
915 1243 952 1281 in
968 1244 1035 1284 sua
1061 1246 1262 1285 relatione
1280 1271 1292 1290 ‚
1323 1244 1457 1284 caruit
1483 1243 1610 1292 Pagus
1638 1244 1800 1292 proprio

473 1293 660 1333 Parocho
673 1307 687 1333 ‚·
705 1295 743 1333 δε
760 1293 909 1333 Curam
926 1295 1172 1336 Animarum
1192 1298 1230 1336 in
1245 1311 1295 1338 eo
1313 1295 1496 1336 exercuit
1514 1296 1704 1337 Vicarius
1718 1295 1803 1334 Cu-

474 1356 587 1385 ratus
617 1346 802 1385 Ecclefiae
817 1346 1066 1388 Parochialis
1085 1350 1239 1399 Oppidi
1252 1350 1481 1398 Schliengen.
1499 1373 1511 1391 ‚
1530 1361 1615 1399 quae
1636 1350 1688 1387 est
1705 1348 1799 1386 Ma—

471 1411 551 1449 gno
571 1397 775 1437 Prioratui
790 1399 1009 1446 subjet‘tive
1024 1402 1139 1441 unita
1153 1432 1162 1441 .
1178 1402 1319 1453 Atque
1336 1401 1582 1450 Baptismate
1601 1409 1772 1449 excepto
1784 1423 1800 1443 ‚

471 1451 577 1501 quod
595 1448 806 1490 confertur
826 1451 865 1489 in
881 1452 1056 1495 Ecclesia
1074 1454 1305 1493 Parochiali
1321 1453 1511 1504 praediRa
1525 1477 1537 1496 ‚
1555 1453 1715 1503 reliqua
1730 1453 1802 1492 Sa-

468 1510 679 1542 cramenta
694 1501 850 1553 Populo
862 1503 1209 1545 Steinenstattenfi
1224 1507 1498 1547 ministrantur
1517 1505 1556 1542 in
1581 1516 1704 1554 parva
1720 1505 1799 1543 Ec-

467 1555 589 1594 clefia
606 1553 712 1604 Pago
742 1555 922 1603 proxima
940 1568 1009 1598 per
1037 1557 1335 1607 Cappellanum
1364 1558 1690 1599 Coadiutorem‚
1726 1557 1797 1607 qui

467 1615 610 1698 tSamlen
627 1606 825 1646 continuo
854 1609 1001 1649 residet
1033 1610 1073 1649 in
1102 1609 1271 1652 AEdibus
1297 1610 1602 1650 Parochialibus
1635 1609 1794 1659 Oppidi

499 1662 546 1699 ch
572 1672 734 1708 rengen.

414 1710 515 1751 Haec
532 1720 673 1751 autem
687 1711 864 1751 Ecclesia
883 1713 1265 1759 Steinenstattenfis‚
1282 1729 1363 1766 quae
1378 1716 1416 1754 in
1433 1714 1564 1758 Villa,
1581 1712 1649 1752 seu
1663 1713 1792 1752 Grau-

462 1763 527 1803 cia
543 1763 932 1804 Heitersheimensis
946 1767 1207 1807 Commendae
1224 1769 1295 1806 sita
1326 1769 1377 1806 est
1393 1792 1406 1811 ‚
1433 1777 1550 1815 parva
1565 1790 1577 1810 ‚
1608 1768 1651 1809 ξφ
1679 1766 1789 1803 Vilis

461 1816 697 1864 appellatur
717 1815 756 1854 in
773 1815 1004 1865 Episcopali
1021 1819 1265 1860 Vifitatione
1288 1819 1384 1859 anni
1406 1823 1546 1858 1602.:
1579 1829 1624 1855 ac
1653 1817 1790 1856 Sacel-

460 1867 540 1907 lum
553 1868 649 1918 satis
674 1868 859 1917 angustum
882 1895 895 1915 ‚
916 1872 994 1921 fine
1019 1874 1199 1911 sacristia
1227 1898 1239 1917 ‚
1265 1871 1304 1910 in
1332 1871 1414 1910 alia
1442 1870 1677 1909 visitatione
1710 1882 1784 1909 an·-

456 1921 502 1960 ni
521 1923 636 1960 1626.
652 1933 668 1961 3
683 1920 722 1960 δι’.
738 1921 777 1959 in
793 1930 965 1974 utraque
984 1924 1220 1973 supponitur
1243 1923 1399 1962 Filialis
1428 1923 1476 1962 ad
1494 1921 1714 1962 Matricem
1746 1924 1787 1963 in

458 1972 722 2022 Schleingen.
736 1973 943 2017 pertinens
959 2006 970 2015 .
988 1977 1142 2017 Eadem
1158 1976 1347 2016 AEdicula
1363 1976 1483 2015 habet
1499 1975 1614 2013 suum
1628 1974 1792 2013 Coeme-

459 2024 616 2065 terium
630 2053 641 2064 .
656 2024 735 2077 Sed
748 2025 1053 2069 commissarius
1070 2055 1083 2075 ‚
1116 2031 1155 2070 ὃς
1181 2027 1454 2069 Coementarii
1467 2039 1490 2066 a
1514 2024 1800 2066 Commiffario

462 2077 587 2118 elen‘ti
603 2077 839 2118 retulerunt
856 2106 870 2126 ,
887 2089 999 2121 extra
1013 2079 1245 2121 Proceffum
1262 2090 1400 2121 tamen
1417 2103 1430 2122 ‚
1462 2079 1578 2118 illam
1609 2091 1656 2117 ex
1684 2077 1796 2118 defe-

463 2131 530 2169 ‹stu
546 2129 717 2169 luminis
734 2132 950 2173 tenebroso
964 2134 1093 2185 magis
1109 2133 1275 2174 Carceri
1292 2159 1305 2180 ‚
1323 2133 1444 2184 quam
1456 2131 1538 2171 Dei
1556 2130 1796 2169 habitaculo

460 2181 638 2222 fimilem
664 2179 769 2222 effe:
802 2196 975 2236 eamque
1013 2191 1101 2236 146.
1131 2186 1322 2226 Personas
1348 2197 1495 2234 capere
1521 2181 1794 2232 probabiliter

458 2231 596 2283 posse,
613 2233 1073 2289 licetParochiani455.
1101 2239 1140 2277 in
1172 2238 1280 2289 Pago
1307 2244 1599 2277 numerentur:
1627 2233 1795 2290 Coeme-

457 2285 617 2326 terium
633 2286 841 2326 ruinosum
856 2289 932 2330 effe
947 2316 960 2336 ‚
979 2291 1161 2343 undique
1177 2289 1448 2340 perforatum,
1468 2289 1507 2328 Sc
1523 2286 1608 2326 fere
1623 2296 1798 2324 omnmo

459 2346 650 2388 apertum
668 2360 682 2385 ‚
702 2339 901 2381 Sambuco
928 2344 1070 2383 arbore
1102 2355 1151 2382 ex
1169 2342 1331 2391 integro
1356 2342 1598 2381 obtentum:
1629 2337 1667 2392 ξε
1684 2337 1794 2388 quod

459 2390 590 2441 magis
607 2390 867 2440 mirandum,
886 2395 1215 2435 &scandalosum
1242 2394 1400 2433 Vicinis
1429 2392 1672 2447 Lutheranis
1716 2387 1792 2429 effe

458 2445 592 2493 potest
605 2468 620 2488 ‚
662 2443 789 2484 Suum
823 2446 1053 2487 stabularia
1068 2448 1119 2487 ad
1137 2447 1360 2486 introitum
1374 2444 1617 2484 Coemeterii
1631 2466 1644 2487 ‚
1675 2441 1713 2480 ἃ
1740 2441 1795 2480 ad

460 2495 644 2542 ejusdem
662 2494 806 2538 Muros
822 2498 940 2539 affixa
955 2500 1154 2548 reperiri.

405 2547 522 2599 Jacet
548 2548 800 2590 intermedia
814 2551 958 2591 eadem
975 2563 1097 2603 parva
1127 2551 1303 2591 Ecclefia
1320 2575 1334 2595 ‚
1357 2549 1438 2587 five
1464 2545 1660 2603 cappella
1688 2545 1794 2586 Stei-

460 2602 748 2642 nenstattenfis
763 2602 871 2644 inter
883 2604 1037 2655 Pagum
1049 2604 1290 2652 Steinenstat‚
1319 2603 1359 2641 &
1387 2597 1598 2656 Oppidum
1624 2596 1796 2637 Scblien-

450 2664 539 2702 gen.
558 2655 651 2700 648.
668 2654 794 2701 paffus
812 2655 958 2695 distans
972 2668 995 2696 a
1023 2655 1288 2700 remotiffima
1320 2651 1416 2701 Pagi
1434 2651 1569 2690 Domo
1587 2662 1597 2688 :
1614 2652 1652 2691 &
1681 2664 1724 2696 ¹7
1730 2664 1749 2694 3
1753 2664 1795 2698 9.

453 2700 592 2755 passus
608 2705 656 2747 ab
675 2702 844 2751 AEffibus
861 2707 1166 2751 Parochialibus
1188 2704 1538 2756 Schliengenfibus
1566 2713 1794 2805 ρεὲῐέἑείιιτζ
