1934 2954
61 210 231 260 Sessaz.
261 216 381 265 eap.6.
426 211 429 212 ⁷

34 265 79 303 cle
88 264 252 314 Reform.

481 172 556 207 240

520 209 670 252 [CEN.
695 208 1208 252 COMMUTATIONIS
1225 235 1237 256 ‚
1252 208 1338 249 'ET
1353 208 1794 253 APPLICATIONIS
1813 241 1826 252 .

572 265 619 304 In
649 266 837 315 precibus
882 263 1272 305 SANCTISSIMO
1304 263 1552 304 DOMINO
1582 265 1826 306 NOSTRO

475 319 627 358 oblatis
653 318 836 358 distinete
865 320 1130 358 recensentur
1148 319 1220 365 piae
1239 316 1521 364 dispositiones
1540 319 1667 358 trium
1686 318 1830 359 Testa-

477 381 646 415 torum‚
677 383 849 422 quarum
876 374 1095 421 petebatur
1124 369 1428 411 commutatio.
1460 370 1512 409 Et
1541 371 1719 419 primum
1738 397 1752 417 ‚
1782 377 1832 410 ut

476 425 519 463 in
532 424 655 463 ditonis
672 424 858 473 precibus
877 426 1121 464 enunciatur
1139 450 1150 468 ,
1169 423 1493 462 Bartholomaeus
1512 423 1690 464 Pedriffa
1704 425 1831 464 Phar-

474 477 692 523 macopola
705 477 887 522 ejusdem
904 477 1062 526 Oppidi
1079 477 1119 514 in
1135 476 1402 516 Testamento
1417 503 1430 522 ,
1449 475 1559 526 quod
1573 488 1695 526 penes
1709 477 1831 527 Joan-

476 543 574 570 nem
591 528 778 580 Tarrago
806 531 990 577 ejusdem
1008 529 1091 569 loci
1125 528 1350 567 Notarium
1381 529 1572 568 condidit
1601 529 1668 569 die
1700 543 1734 572 3.
1757 530 1833 569 Fe-

479 582 632 622 bruarii
665 587 781 631 1436.
800 607 813 626 ‚
844 582 1045 623 haeredem
1075 582 1252 621 instituit
1280 582 1331 620 D.
1361 582 1417 621 O.
1436 582 1498 621 M.
1517 607 1530 627 ‚
1560 583 1600 622 «Sc
1626 582 1833 622 animam-0

481 635 592 674 suam
607 659 620 679 ‚
648 635 885 685 praecipiens
901 662 914 681 ‚
946 637 1055 687 quod
1074 635 1252 683 pecuniae
1275 647 1321 674 ex
1337 634 1580 674 venditione
1600 646 1736 674 rerum
1754 637 1832 673 hae-

481 687 775 727 teditariarum
792 689 1047 728 retrahenda>
1064 687 1352 727 investirentur
1367 687 1407 726 in
1425 688 1621 731 cenfibus,
1641 687 1832 738 quodque

477 741 706 779 distributis
723 742 912 792 quolibet
927 753 1032 780 anno
1049 741 1086 779 in
1101 741 1358 779 hebdomada
1371 742 1452 790 post
1465 739 1835 781 FestumOmnium

479 794 724 832 Sant‘torum
749 793 878 832 tribus
911 794 1085 833 vestibus
1115 795 1155 830 di
1183 802 1300 842 panno
1329 792 1467 832 burello
1492 794 1600 833 inter
1632 792 1848 840 Pauperes·

481 845 641 895 Oppidi
656 845 708 884 de
722 857 874 893 genere
888 846 959 884 suo
975 872 988 890 ,
1021 846 1089 884 vel
1108 845 1211 883 alios
1239 846 1567 896 Exequutoribus
1599 845 1811 885 benevisos
1824 848 1845 888 ‚‘

476 898 628 947 reliqui
646 896 801 935 frucius
816 907 1089 946 erogarentur
1111 897 1150 936 in
1172 898 1491 937 subventionem
1506 899 1736 948 Pauperum
1754 909 1842 936 ma·-

477 952 543 1001 gis
561 948 840 998 indigentium
858 976 870 994 ‚
900 950 1197 990 &Puellarum
1229 951 1539 995 nubendarum‚
1568 951 1738 989 arbitrio
1770 963 1842 989 eo-

480 1001 656 1043 rundem
670 1001 980 1052 Exequutorum
1001 1031 1011 1040 .
1043 1002 1096 1041 Et
1112 1002 1152 1040 in
1168 1001 1388 1042 Codicillis
1418 1003 1466 1042 ab
1496 1003 1642 1043 eodem
1657 1002 1839 1042 Notario

478 1055 645 1104 scriptis
678 1054 746 1094 die
769 1060 832 1094 26.
852 1054 953 1105 Julii
986 1068 1100 1104 1437.
1128 1063 1308 1106 quatuor
1340 1056 1527 1102 adjunxit
1556 1057 1682 1095 vestes
1712 1054 1837 1093 modo

478 1107 677 1157 praedic‘to
690 1106 985 1147 distribuendas
1004 1119 1014 1145 ε
1032 1109 1069 1148 &
1085 1108 1379 1158 exequutionis
1394 1108 1665 1147 ministerium
1683 1107 1843 1157 pridem

477 1161 625 1200 datum
641 1160 788 1210 Joanni
808 1160 954 1199 Sabata
973 1161 1223 1209 Presbytero
1244 1185 1257 1205 ‚
1292 1162 1330 1201 ὃς
1344 1161 1589 1200 Constantiae
1605 1160 1734 1200 Uxori
1753 1161 1844 1203 suae,

477 1212 676 1254 conceffit
694 1212 999 1253 Decurionibus
1020 1212 1210 1262 Oppidi,
1239 1214 1309 1264 qui
1327 1223 1425 1253 tunc
1454 1213 1689 1253 consiliarii
1718 1224 1846 1252 voca-

478 1267 628 1307 bantur
645 1278 656 1304 :
685 1275 727 1304 ut
739 1266 850 1305 latius
867 1268 990 1313 (sunt
1005 1267 1127 1306 verba
1146 1270 1343 1312 precum)
1372 1271 1410 1304 in
1426 1268 1520 1303 dif't'o
1540 1268 1758 1318 Testamenta
1774 1291 1787 1310 ‚
1807 1266 1847 1306 &

479 1318 677 1359 codicillis
692 1323 900 1357 continetur
914 1349 923 1358 .
955 1319 1123 1368 Insuper
1140 1319 1408 1368 Raymundus
1427 1318 1580 1358 Salisso
1602 1320 1725 1358 Sutor
1742 1319 1849 1368 pari-

476 1380 546 1411 ter
573 1371 677 1411 disti
707 1371 902 1420 Oppidi,
930 1371 1103 1412 condito
1131 1371 1398 1411 Testamento
1428 1372 1496 1411 die
1526 1386 1566 1419 9.
1586 1372 1694 1411 Maii
1733 1381 1845 1421 1400.

474 1435 605 1474 penes
623 1424 877 1464 Bernardum
891 1423 1108 1465 Canelitas
1133 1424 1232 1464 dieti
1252 1424 1354 1465 Loci
1384 1424 1609 1464 Notarium
1629 1445 1642 1469 1,
1672 1425 1852 1464 instituit

477 1476 657 1517 Causam
674 1476 785 1527 piam
801 1503 813 1522 ‚
841 1490 916 1526 pro
935 1478 1201 1526 eleemosyna
1214 1477 1489 1517 distribuenda
1511 1476 1762 1527 Pauperibus
1778 1490 1850 1517 ve-

476 1530 703 1576 recundis,
735 1531 773 1570 Sc
792 1541 862 1578 pro
891 1530 1135 1571 maritandis
1162 1531 1404 1580 pauperibus
1432 1529 1590 1570 Puellis
1623 1531 1672 1570 de
1697 1541 1850 1581 genere

478 1582 552 1621 suo
569 1607 582 1627 ‚
612 1583 772 1633 suaeque
792 1581 942 1622 Uxoris
959 1607 973 1627 ‚
1002 1584 1068 1623 vel
1089 1584 1296 1622 extraneis
1316 1607 1330 1627 ‚
1360 1593 1432 1631 pro
1451 1584 1574 1621 libito
1589 1583 1746 1623 Decani
1764 1608 1777 1628 ,
1807 1582 1849 1621 &

479 1635 825 1674 Confiliariorum
859 1634 1048 1684 Oppidi,
1079 1646 1181 1684 quos
1210 1635 1341 1683 elegit
1367 1633 1737 1674 Administratores
1769 1646 1778 1672 ε
1808 1643 1852 1673 ut

475 1696 584 1737 patet
613 1700 660 1726 ex
693 1687 788 1724 diflo
819 1687 1037 1736 Testamenta
1071 1716 1081 1725 .
1115 1686 1168 1724 Et
1198 1687 1368 1725 demum
1398 1685 1542 1725 Petrus
1563 1686 1707 1726 Sabata
1736 1685 1849 1725 illius

481 1740 615 1779 etiam
635 1738 737 1778 Loci
763 1738 890 1777 aliam
907 1738 1085 1777 instituit
1102 1738 1277 1776 Causam
1295 1739 1409 1785 piam
1436 1749 1508 1785 pro
1536 1738 1692 1778 Puellis
1725 1738 1852 1778 mari-

485 1792 626 1831 tandis
643 1803 652 1830 t
681 1791 778 1829 data
794 1789 1160 1829 administrationis
1180 1802 1275 1828 cura
1295 1790 1439 1828 iisdem
1457 1789 1709 1829 Confiliariis
1725 1815 1738 1834 ‚
1768 1793 1851 1831 five

484 1843 795 1884 Decurionibus
812 1842 972 1893 Oppidi
990 1853 1001 1883 ε
1016 1844 1113 1882 utin
1128 1842 1222 1882 libro
1236 1845 1480 1894 praefatarum
1495 1843 1695 1893 Causarum
1704 1846 1852 1894 piarum

489 1898 645 1948 conspici
657 1897 750 1937 licet
764 1927 774 1938 .

432 1947 596 1990 Harum
627 1952 756 1991 trium
780 1950 1091 1993 Haereditatum
1134 1949 1531 1993 administrationem
1573 1949 1848 1997 susceperunt

486 2004 777 2046 Decuriones,·
805 2005 874 2045 sed
891 2032 903 2051 ‚
936 2015 982 2045 ut
1009 2006 1164 2055 legitur
1194 2005 1235 2044 in
1271 2005 1486 2056 precibus,
1516 2009 1556 2044 ob
1578 2004 1852 2055 ignorantiam,

479 2057 549 2106 seu
563 2061 745 2097 incuriam
762 2072 887 2097 earum
901 2060 1260 2108 Admimstratorum
1273 2084 1286 2105 ‚
1313 2059 1426 2096 multo
1431 2056 1514 2110 jam
1531 2061 1576 2096 ab
1600 2060 1681 2096 hinc
1696 2067 1856 2107 tempore

481 2111 633 2162 praefati
649 2113 790 2149 reditus
805 2113 856 2149 ad
860 2112 1084 2162 praescriptos
1087 2112 1184 2158 fines
1209 2126 1277 2150 non
1302 2112 1518 2159 deserviunt
1532 2136 1545 2154 ‚
1579 2125 1692 2161 neque
1723 2111 1851 2161 distri-

485 2165 652 2202 buuntur
666 2193 677 2203 .
708 2163 763 2203 Et
776 2164 1049 2214 Honuphrius
1068 2164 1118 2205 de
1136 2165 1262 2204 Reart
1291 2164 1394 2202 olim
1420 2165 1639 2213 Episcopus
1659 2164 1848 2203 Vicenfis

487 2215 564 2256 die·
579 2215 867 2256 18.*Februarii
886 2222 1001 2257 1610.
1029 2217 1196 2257 indulsit
1228 2217 1527 2257 Decurionibus
1545 2244 1557 2261 ‚
1593 2226 1636 2255 ut
1654 2225 1843 2266 partem„

486 2269 662 2309 illarum
696 2269 913 2309 redituum
945 2271 1137 2310 sexennio
1165 2279 1383 2321 erogarent
1431 2270 1469 2308 in
1502 2269 1848 2309 construstionem

486 2321 732 2362 Conventus
743 2320 1102 2370 Cappuccinorum
1119 2323 1220 2361 disti
1240 2322 1399 2371 Oppidi
1414 2337 1428 2363 ,-
1460 2322 1634 2361 Fabricae
1660 2321 1850 2360 fimiliter

488 2374 676 2415 Ecclefiae
691 2374 950 2415 Parochialis
981 2377 1163 2421 ejusdem
1184 2375 1286 2414 Loci
1317 2385 1480 2423 partem
1508 2376 1710 2414 dic‘torum
1740 2372 1851 2428 redi-

489 2436 611 2468 tuum
626 2429 855 2477 applicavit
873 2427 1071 2469 successor
1086 2429 1306 2477 Episcopus
1325 2428 1385 2467 Fr.
1402 2428 1590 2467 Andreas
1603 2440 1625 2466 a
1641 2427 1678 2465 S.
1694 2425 1849 2464 Hiero-

490 2492 619 2528 nymo
637 2481 704 2520 die
723 2486 757 2520 8.
772 2481 878 2520 Maii
897 2488 1011 2528 1617.
1027 2495 1041 2521 3
1060 2481 1318 2532 eandemque
1347 2481 1669 2529 applicationem
1703 2488 1848 2525 proro-

491 2534 611 2581 gavit
624 2560 638 2579 ‚
664 2534 767 2573 &de
782 2546 890 2574 novo
905 2535 1104 2574 conceffit
1119 2535 1187 2574 die
1207 2549 1241 2574 2.
1258 2535 1426 2583 Augusti
1451 2547 1564 2580 1757·
1593 2530 1817 2570 hodiernus
1831 2555 1847 2575 ‚
1872 2548 1878 2553 ·
1901 2549 1905 2553 ·

491 2586 563 2633 qui
578 2598 683 2624 nunc
701 2589 836 2635 praeest
855 2587 1043 2627 Ecclesia:
1063 2588 1230 2629 Vicensi
1244 2614 1254 2631 ‚
1280 2587 1496 2635 Episcopus
1514 2609 1526 2627 ‚
1545 2596 1616 2632 pro
1634 2582 1849 2631 perficien-

493 2636 555 2674 diS
573 2634 707 2675 Portis
723 2662 735 2680 s
764 2641 802 2678 &
816 2639 988 2690 Organo
1005 2666 1017 2685 ‚
1047 2641 1220 2690 aliisque
1236 2638 1490 2678 ornamentis
1515 2635 1632 2674 disice
1651 2635 1842 2675 Ecclefiae
1896 2678 1902 2684 q

489 2687 744 2728 Parochialis
759 2719 769 2728 .
799 2691 1011 2740 roirca
1035 2693 1086 2731 ad
1110 2693 1304 2732 sedandas
1322 2689 1717 2729 Administratorum
1751 2699 1847 2726 con-

489 2741 683 2796 scientias
710 2743 763 2781 ob
790 2754 870 2782 non
893 2745 1101 2786 servatum
1119 2743 1449 2794 praescriptarum
1480 2741 1843 2782 distributionum-³

580 2805 595 2819 -'
726 2819 730 2824 .
1748 2804 1840 2832 mo..
