1934 2954
498 128 624 245 D5i4e
656 167 978 244 Sabbathi
1016 171 1388 254 11.Aprilis'
1429 174 1622 255 1761.
1666 176 1739 244 in
1772 175 1890 243 Pa..

586 264 744 331 latio
762 262 1153 355 Apostolico
1187 263 1513 348 Qirinali
1539 268 1669 342 erit
1702 267 1889 336 Sacra

590 359 1048 452 Congregatio
1068 355 1396 434 Concilii,
1419 360 1678 445 inqua,
1714 380 1888 445 prae-

585 466 686 513 ter
726 448 850 513 alia
888 497 908 526 ,
966 461 1432 542 proponentur
1472 449 1881 538 infrascripta

587 538 835 618 Dubia,
859 540 1036 622 Juxta
1059 560 1325 611 morem
1360 536 1656 622 ejusdem
1677 541 1880 609 Sacrae

592 632 739 698 Con
747 647 1151 725 gregatioms
1167 631 1277 696 de
1261 651 1400 724 Jure
1419 630 1832 704 resolvenda.

171 802 268 852 Sess.
278 812 338 848 24
344 811 419 838 ⁶0²1·
425 803 461 837 6·
495 805 585 892 N
603 804 976 846 EAPOLITANA
1006 805 1375 846 MATRIMONII
1395 837 1404 846 .
1425 804 1872 858 Matrimonium‚qu0d

169 857 214 892 de
232 855 356 893 Βοῦν·
376 854 459 891 Sac·
621 858 690 898 die
708 873 743 906 7.
762 859 942 908 januarii
963 865 1075 906 1758.
1108 861 1360 899 celebratum
1389 862 1441 899 est
1471 861 1578 899 inter
1593 860 1872 900 Annibalem.»

166 909 332 950 Matrim
547 911 782 951 Coesareum
799 937 812 956 ,
842 913 880 951 Sc
902 911 1064 951 Annam
1087 911 1292 951 Elisabeth
1320 912 1471 951 Scorno
1487 939 1499 957 ,
1527 921 1660 952 ratum
1678 937 1690 955 ‚
1720 912 1788 951 sed
1817 912 1893 953 obs

544 965 639 1004 Viri
667 964 955 1013 impotentiam
984 964 1164 1003 nondum
1197 965 1478 1003 consumatum
1520 963 1633 1004 fuisse
1663 966 1867 1014 Conjuges

545 1017 893 1065 ipfijurejurando
918 1017 1179 1061 declararunt
1207 1017 1246 1053 in
1260 1017 1707 1064 publicolnstrumento
1740 1017 1808 1056 die
1822 1031 1861 1065 4.

542 1068 688 1106 Martii
706 1069 884 1114 ejusdem
917 1070 1011 1107 anni
1027 1069 1215 1115 stipulato
1230 1091 1243 1110 ,
1268 1068 1307 1106 3<
1325 1068 1511 1107 Maritali
1537 1068 1749 1108 dissociato
1764 1082 1862 1108 eon-

541 1120 667 1158 fortio
692 1143 704 1162 ‚
747 1129 1027 1159 convenerunt
1064 1119 1114 1158 de
1141 1118 1301 1167 Judicio
1332 1119 1462 1157 Curiae
1489 1121 1860 1170 Archiepiscopalis

539 1171 827 1219 Neapolitanae
857 1174 931 1211 hoc
960 1172 1129 1220 desuper
1146 1170 1396 1221 exquirendo
1416 1197 1429 1217 ‚
1458 1182 1502 1210 ut
1534 1171 1590 1211 fas
1621 1172 1716 1213 effet
1733 1174 1862 1212 Anni*

540 1224 621 1262 bali
652 1223 801 1273 Sponso
827 1226 1084 1264 claustralem
1101 1222 1229 1263 vitam
1246 1248 1259 1267 ,
1289 1235 1410 1272 quam
1440 1223 1598 1271 pridem
1626 1234 1861 1273 optaverat,

536 1275 731 1315 assumere
746 1306 756 1314 .
787 1277 921 1323 Hujus
940 1277 998 1316 rei
1013 1276 1223 1314 notionem
1240 1275 1347 1324 prior
1361 1275 1518 1316 detulit
1533 1277 1581 1315 ad
1597 1276 1766 1316 Curiam
1781 1278 1861 1316 Ar-

471 1370 472 1373 *
534 1328 875 1377 chiepiscopalem
900 1329 1019 1367 Anna
1034 1327 1241 1367 Elisabeth
1259 1328 1404 1376 Sponsa
1421 1354 1433 1373 ,
1465 1341 1550 1378 quae
1575 1329 1641 1368 die
1658 1344 1691 1376 7.
1712 1329 1857 1369 Martii

534 1381 742 1429 praediffl,
759 1382 897 1419 oblato
915 1381 1085 1423 libello,
1103 1380 1348 1426 postulavit,
1368 1381 1527 1418 nullum
1551 1391 1676 1431 atque
1694 1382 1858 1421 irritum

528 1405 842 1473 Mat1·imoi1ium
870 1432 1067 1473 declarari
1088 1433 1138 1470 ob
1155 1432 1246 1471 Viri
1264 1431 1583 1483 impotentiams
1612 1434 1662 1472 Et
1680 1433 1856 1473 Annibal

527 1485 740 1525 Coesareus
769 1486 838 1524 die
864 1500 899 1534 7.
929 1483 1144 1541 sequentis
1165 1484 1307 1522 mensis
1333 1484 1491 1532 Aprilis
1519 1497 1672 1524 novum
1700 1487 1855 1526 obtulit

527 1538 730 1583 libellum,
749 1550 827 1595 quo
845 1550 1049 1588 propriam
1064 1534 1180 1576 faffiis
1197 1536 1389 1576 inertiam
1408 1538 1559 1577 instetit
1575 1539 1850 1587 pronunciari,

490 1590 841 1629 Matrimonium
869 1589 946 1631 effe
980 1600 1142 1633 ratum,
1171 1590 1209 1628 &
1240 1602 1319 1627 non
1338 1590 1649 1635 consumatum,
1671 1591 1850 1641 sibique-2

523 1643 694 1692 proinde
723 1643 849 1683 licere
877 1643 925 1681 ad
945 1643 1191 1691 Regularem
1218 1640 1332 1690 perse
1336 1642 1506 1682 stiorem
1534 1644 1696 1682 statum·
1710 1644 1851 1682 tranfi—

520 1709 602 1737 i-e,
645 1707 690 1734 ac
726 1695 838 1736 illius
881 1695 1074 1734 instantie
1115 1695 1277 1734 adhaefit
1314 1694 1443 1735 etiam
1480 1695 1600 1738 Anna
1638 1695 1846 1739 Elisabeth

520 1748 658 1788 Uxor

467 1800 533 1840 Ad
548 1801 676 1840 forma
681 1814 719 1840 m
739 1801 878 1852 itaque
894 1802 1012 1847 hujus
1032 1802 1126 1840 novi
1143 1801 1277 1840 libelli
1296 1804 1548 1845 contestata,
1565 1803 1603 1841 δέ
1623 1801 1844 1852 prosequu-

517 1863 560 1894 ta
573 1850 659 1893 'fuit
677 1854 727 1892 lis
751 1866 844 1893 cum
862 1854 964 1893 Fisci
981 1854 1186 1896 Patrono,
1208 1854 1572 1894 Matrimoniorum
1591 1852 1841 1894 Defensore
1885 1879 1889 1884 ·

516 1907 569 1945 Et
586 1907 755 1945 instante
770 1906 911 1952 Fisco,
930 1907 1172 1956 interrogati
1189 1904 1352 1946 fuerunt
1373 1908 1496 1947 iilem
1519 1906 1755 1955 ConiugeS,
1771 1906 1841 1957 qui

512 1959 638 2003 jurati
654 1959 902 1998 asseruerunt
918 1984 931 2004 ,
959 1962 1060 1998 adeo
1079 1958 1329 1998 imbecillem
1360 1959 1474 1999 fuilse
1491 1959 1765 2002 Annibalem,
1797 1967 1844 1996 ut

512 2022 644 2061 neque
660 2020 777 2064 arte,
805 2024 934 2062 neque
952 2011 1290 2051 medicaminibus
1304 2013 1366 2051 vis
1386 2014 1423 2051 in
1440 2026 1488 2052 eo
1504 2010 1671 2051 excitari
1696 2019 1840 2059 potue·

512 2065 584 2109 rit,
602 2060 678 2113 qua
694 2063 732 2103 fe
749 2062 949 2103 Maritum
966 2066 1178 2114 praestaret:
1196 2076 1289 2103 cum
1305 2065 1442 2115 aliqua
1458 2074 1596 2104 tamen
1613 2062 1839 2104 variatione

513 2115 623 2153 circa
639 2115 950 2156 reiterationem
967 2127 1188 2156 conatuum
1213 2117 1262 2155 ad
1278 2117 1489 2156 maritales
1505 2114 1728 2165 congreffus
1757 2116 1837 2163 post

510 2166 813 2206 traductionem
841 2169 998 2217 Sponsae
1030 2169 1077 2208 ad
1109 2169 1290 2207 Domum
1306 2170 1398 2213 Viri
1427 2171 1475 2208 ab
1505 2168 1574 2206 isto
1602 2165 1834 2209 admissam,

511 2221 550 2261 ὅ(
564 2231 586 2258 a
599 2218 781 2259 Muliere
797 2232 843 2259 ex
859 2222 999 2260 causa
990 2221 1144 2266 inerti-³:
1158 2221 1337 2268 ejusdem
1355 2222 1448 2264 Viri
1466 2220 1692 2260 exclusam.
1723 2217 1833 2266 Qa

511 2280 606 2311 tuor
639 2271 794 2317 inducti
823 2271 988 2312 fuerunt
1005 2273 1168 2317 Testes,
1199 2286 1368 2323 quorum
1399 2274 1478 2313 duo
1496 2270 1764 2329 SacerdoteS,
1794 2272 1832 2309 Sc

511 2325 618 2366 alter
642 2323 864 2369 Medicus,
892 2325 961 2375 qui
987 2324 1262 2371 medicamina
1290 2327 1539 2375 ρῐεὺιιεῑπ
1579 2323 1686 2372 iique
1716 2322 1831 2371 super

510 2377 841 2434 interrogatoriis
858 2377 959 2421 Fisci
976 2377 1195 2416 examinati
1224 2376 1373 2416 famam
1398 2377 1667 2426 deposuerunt
1695 2374 1733 2413 in
1750 2375 1832 2424 pri-

506 2429 599 2472 mis·
613 2428 706 2482 initi
736 2428 927 2479 conjugii
954 2428 1094 2468 diebus
1121 2429 1356 2479 evulgatam
1383 2429 1433 2469 de
1457 2426 1669 2468 Annibalis
1700 2426 1833 2476 impo-.-

506 2482 666 2523 tentia:
679 2478 727 2522 &
745 2490 835 2521 tum
850 2481 1085 2531 propriam,
1113 2490 1203 2523 tum
1214 2494 1472 2522 communem
1491 2478 1830 2527 Propinquorum,

505 2533 826 2583 Vicinorumque
857 2534 1095 2583 opinionem
1139 2533 1191 2572 de
1219 2535 1360 2573 vacuis
1401 2532 1527 2571 transa
1533 2530 1606 2568 “tis
1646 2531 1826 2575 noc‘iibus

499 2585 628 2634 usque
656 2587 703 2624 acl
732 2588 944 2636 sequutam
959 2586 1188 2635 Conjugum
1216 2586 1538 2635 separationem.
1569 2583 1825 2629 Inspectum-2

500 2635 580 2679 fuit
609 2636 800 2676 Mulieris
832 2639 987 2687 Corpus
1019 2638 1181 2677 atribus
1210 2639 1273 2677 ele
1279 2637 1350 2702 fiis
1381 2634 1705 2680 obstetricibus,
1738 2650 1823 2708 qua:

1710 2742 1829 2791 nulla
