1934 2954
515 164 588 198 17²

512 215 621 246 anno
641 213 756 250 1759·
785 203 824 241 in
842 201 1019 242 Dioecefi
1053 201 1320 247 Hieracenfi,
1349 209 1395 243 ut
1426 203 1610 252 probavit
1643 205 1843 245 exhibitis¹

513 255 773 299 documentis
789 285 799 295 .

460 308 801 363 Appellationem
818 321 918 351 vero
946 307 984 346 in
1001 308 1100 347 actis
1130 307 1374 354 interposuit
1390 307 1632 358 Capparella
1648 310 1839 350 adversus

512 362 623 404 suam
639 363 967 411 reprobationem
982 376 995 401 ,-
1027 360 1092 400 sed
1125 373 1265 400 canon
1284 361 1460 402 obstante
1478 386 1491 405 ,
1519 364 1727 410 peractum
1758 363 1848 406 fnit.

512 414 690 457 Examen
707 440 720 458 ,
753 414 792 455 in
806 427 885 464 quo
903 413 1106 457 Paschalis
1122 413 1270 463 Barilla
1287 415 1516 451 mediocriter
1532 415 1681 463 segeffit
1705 415 1840 465 quoad

515 467 848 516 explanationem
866 465 1390 510 Concilii:Concinnculam
1410 478 1570 516 qnoque
1583 467 1843 516 superTextu

515 518 765 569 Evangelii,
795 520 834 559 ἃ
865 519 1136 567 responsiones
1170 518 1219 557 ad
1248 517 1370 556 Casus
1397 517 1580 557 Morales
1608 519 1648 556 in
1678 520 1841 569 scriptis

513 571 696 621 exposuit
717 598 730 617 ‚
759 584 893 621 exque
912 570 952 609 in
966 573 1051 617 ejus
1068 570 1296 615 Summario
1309 568 1639 609 circumferendo
1654 571 1839 616 BENV.

511 624 669 674 judicio
700 623 966 671 subjiciuntur
989 653 998 662 .
1042 622 1228 674 Cumque
1257 623 1338 670 post
1362 622 1539 661 Examen
1567 623 1797 663 absolutum
1826 650 1844 670 ,

508 676 819 720 ,Examinatores
851 677 1002 719 iterum
1029 676 1209 720 unanimi
1239 674 1430 724 suffragio
1448 701 1460 720 ,
1490 675 1718 725 reprobatis
1747 677 1843 722 aliis

511 729 695 779 quinque
723 753 736 773 ,
768 741 891 767 unum
919 730 1080 769 tantum
1114 728 1350 772 Paschalem
1379 726 1533 770 Barilla
1562 727 1772 774 habilem,
1800 730 1842 769 δι’

512 782 709 826 idoneum
736 781 929 830 regimini
946 779 1117 829 praefatae
1134 780 1321 825 Ecclesiae
1349 779 1598 819 Parochialis
1625 780 1842 825 judicave-

513 835 595 873 rint
615 858 628 876 ‚
653 842 774 882 atque
801 833 970 877 Vicario
987 832 1220 881 Capitnlari
1246 831 1577 885 renunciaverint
1593 858 1606 878 ,
1636 833 1703 871 hic
1716 831 1845 872 Testi-

514 886 761 928 monialium
775 885 1081 934 expeditionem
1099 883 1285 924 decrevit
1312 884 1454 923 favore
1473 885 1654 931 ejusdem
1671 885 1843 931 Barinl,

510 949 721 988 tamquam
741 937 860 976 unice
874 938 1114 986 approbati,
1143 939 1180 976 Sc
1199 945 1398 987 quatenus
1424 949 1525 986 opus
1544 937 1742 987 dignioris
1757 951 1773 978 ,-
1801 939 1842 978 Sc

513 1002 608 1029 cum
641 990 840 1038 ῃτκάἰξὶίε
873 989 1231 1028 Testimonialibns
1269 988 1376 1034 Aeta
1419 1002 1579 1039 quoque
1608 989 1840 1030 Concursus

512 1041 679 1083 fuerunt
691 1041 909 1080 succeffive
924 1039 1146 1080 transmissa
1169 1041 1219 1078 ad
1243 1039 1457 1079 Datariam
1469 1041 1747 1089 Apostolicam
1775 1066 1790 1087 ‚
1817 1054 1843 1085 a.

514 1107 591 1144 qua
607 1092 791 1132 facienda
811 1101 897 1131 erat
914 1092 1086 1131 collatio
1101 1092 1286 1140 ejusdem
1305 1090 1561 1140 Parochialis
1576 1103 1731 1135 vacatae
1760 1095 1838 1135 in...

513 1145 649 1191 mense
668 1145 875 1191 reservato
893 1174 904 1191 ‚

466 1198 631 1243 interea
660 1195 926 1247 Hyacinthus
956 1197 1201 1246 Capparella
1232 1208 1371 1245 preces
1400 1198 1555 1241 obtulit
1583 1198 1679 1238 huie
1712 1197 1845 1238 Sacrae

515 1250 840 1300 congregationi
871 1250 940 1288 suo
955 1262 1034 1288 non
1047 1249 1182 1288 minus
1201 1276 1213 1294 ‚
1244 1250 1366 1299 quam
1396 1251 1564 1290 nomine
1580 1252 1707 1290 trium
1738 1250 1845 1290 alio-

516 1316 608 1343 rum
635 1301 982 1347 Concurrentium
1002 1327 1014 1346 ‚
1045 1301 1297 1352 qnifuerunt
1330 1302 1370 1339 in
1400 1304 1532 1351 primo
1546 1303 1752 1343 Concursu
1780 1315 1848 1342 re-

515 1355 700 1407 probati,
733 1355 785 1393 Et
801 1354 907 1394 datis
927 1354 976 1399 de
993 1365 1108 1394 more
1137 1353 1292 1393 Literis
1317 1355 1367 1392 ad
1398 1356 1615 1402 vicarium
1631 1355 1846 1406 Capitula-

517 1421 629 1452 rem,
649 1408 680 1445 is
698 1433 711 1453 ‚
729 1405 970 1454 praemonito
986 1416 1057 1453 per
1072 1406 1302 1445 distinctam
1331 1407 1539 1455 epistolam
1568 1406 1849 1448 Eminentiffi-

514 1473 583 1500 mo
599 1460 725 1498 Sacra:
740 1458 1080 1508 congregationis
1099 1457 1293 1497 Praefet‘to
1316 1457 1364 1497 de
1382 1459 1516 1499 Caufis
1533 1460 1847 1509 impellentibus

514 1513 564 1554 ad
581 1512 674 1551 novi
693 1511 907 1550 concursus
939 1511 1280 1551 convocationem
1296 1536 1308 1555 ,
1337 1510 1467 1551 refert
1487 1538 1500 1557 ‚
1529 1513 1662 1557 solum
1686 1512 1847 1561 Cappa-

514 1565 618 1605 rella
635 1565 858 1611 reclamare
875 1588 888 1607 ‚
918 1564 1176 1615 aliorumque
1193 1563 1321 1602 trium
1335 1561 1680 1604 concurrentium
1697 1575 1853 1604 nomen.

516 1620 564 1658 ab
583 1630 632 1657 eo
649 1617 884 1664 usurpatum
900 1613 1018 1655 fuisse
1034 1641 1046 1660 ‚
1073 1625 1117 1655 ut
1137 1616 1200 1654 illi
1213 1615 1340 1655 etiam
1359 1618 1585 1663 testantur,
1603 1617 1850 1667 plurimum«

517 1682 595 1722 qne
610 1669 874 1709 commendat
893 1669 1129 1708 Paschalem
1144 1668 1299 1712 Barilla
1314 1698 1323 1713 ,

469 1724 668 1772 Disputat
685 1730 825 1769 autem
841 1721 1085 1762 Capparella
1101 1748 1113 1766 ‚
1131 1721 1312 1767 injustam
1329 1721 1442 1761 fuiffe
1460 1721 1570 1761 suam
1587 1720 1847 1770 reprobatio-

521 1788 616 1815 nem
636 1799 649 1818 ,
666 1776 703 1814 St
722 1773 1001 1814 irrationabile
1015 1773 1217 1820 judicium
1238 1774 1396 1815 Vicarii
1417 1775 1667 1822 Capitularis
1684 1799 1695 1820 ‚
1722 1777 1851 1824 quum

523 1829 604 1878 ipse
621 1838 841 1876 congruam
860 1827 1004 1865 habeat
1034 1835 1200 1866 aetatem
1215 1851 1228 1869 ‚
1257 1826 1474 1866 sufficienti
1490 1827 1537 1865 s1t
1555 1826 1843 1874 experientia-,-

508 1880 728 1930 praeditum
741 1902 754 1921 ·‚
779 1880 893 1924 juxta
908 1877 1157 1918 documenta
1170 1879 1351 1919 exhibita
1377 1880 1419 1918 in
1437 1880 1549 1918 Astis
1575 1879 1806 1923 Concursus
1823 1890 1839 1916 ε

511 1932 625 1972 bonis
643 1931 819 1969 moribus
834 1932 881 1969 sit
897 1931 1074 1972 imbutus
1089 1958 1101 1977 ‚
1128 1933 1324 1981 nulloque
1343 1931 1517 1971 crimine
1549 1932 1736 1971 irretitus
1752 1957 1766 1976 ‚
1793 1937 1845 1970 ut

512 1987 710 2025 testantur
726 1983 985 2032 Magistratus
1004 1984 1205 2023 Civitatis
1240 1983 1509 2034 Rhegii-Julii
1526 2009 1539 2028 ‚
1568 1986 1606 2024 ὃς
1627 1983 1842 2024 Cancella-

507 2038 591 2077 rius
606 2036 739 2076 Curiae
754 2036 1152 2086 Archiepiscopalis:
1178 2045 1304 2086 atque
1317 2049 1398 2078 non
1413 2037 1636 2076 mediocris
1656 2036 1840 2082 scientia:

514 2090 721 2138 specimen
739 2087 903 2134 dederit
923 2088 962 2127 in
976 2091 1139 2138 peraeto
1154 2089 1342 2129 examine
1359 2115 1372 2135 ‚
1387 2091 1501 2136 juxta
1516 2088 1843 2129 differtationem

515 2141 816 2190 Theologicam
843 2139 1214 2182 circumferentiam
1231 2166 1244 2185 ‚
1270 2149 1315 2180 ut
1344 2142 1384 2181 in
1416 2142 1611 2181 similibus
1642 2139 1839 2181 terminis

521 2194 720 2238 rescripsit
738 2195 817 2232 haec
837 2193 955 2232 Sacra
973 2192 1248 2244 Congregatio
1263 2197 1301 2232 in
1317 2196 1529 2234 vrbinaten.
1552 2193 1747 2242 Concursus
1776 2197 1843 2232 18.

516 2246 669 2296 Aprilis
691 2258 804 2293 1733.
821 2245 954 2291 lib.83‚
970 2248 1120 2293 Deteret,
1132 2251 1316 2296 pag.166.
1335 2273 1350 2294 ,
1366 2251 1405 2285 in
1421 2249 1546 2296 AEstna
1565 2245 1759 2294 Concursus
1781 2257 1849 2283 12.

517 2301 620 2339 Maii
642 2301 756 2345 1736,
774 2298 907 2336 lib.86.
927 2300 1080 2339 Decret.
1095 2308 1177 2348 pag.
1200 2303 1284 2338 186.
1302 2325 1315 2344 ‚
1346 2303 1389 2344 &⁶
1405 2301 1446 2337 in
1463 2299 1629 2337 Mileten.
1645 2298 1848 2346 Concuzsus

516 2365 581 2390 21.
605 2350 706 2400 Julie'
727 2362 838 2396 1753.
869 2351 919 2387 ad
944 2350 992 2395 ll.
1014 2353 1179 2389 Dubium
1210 2351 1279 2397 lib,
1303 2365 1389 2396 103.
1420 2354 1607 2391 Decretor.
1632 2358 1810 2400 pag.293.
1826 2360 1848 2388 2·

513 2404 568 2446 Et
588 2402 683 2442 ideo
702 2401 916 2449 contendit
931 2402 1026 2449 fibi,
1043 2411 1252 2453 tamquam
1268 2405 1394 2454 magis
1411 2403 1559 2442 idoneo
1573 2427 1585 2446 ‚
1603 2402 1845 2447 adjudican-

513 2455 608 2500 dam
628 2453 704 2494 else
734 2454 1017 2494 Parochialem
1037 2481 1049 2500 ‚
1079 2456 1159 2494 fine
1176 2457 1456 2496 celebratione
1472 2454 1569 2494 novi
1586 2452 1843 2496 Concursus,

513 2520 561 2551 ex
579 2506 770 2553 deductis
791 2518 861 2555 per
876 2507 999 2552 Piton.
1014 2508 1160 2559 dffcept.
1178 2508 1468 2559 Ecclestast.109.
1485 2520 1580 2553 num.¹
1598 2520 1658 2555 14.
1677 2509 1721 2550 ὠ·
1736 2516 1803 2548 33.
1833 2514 1849 2541 2

508 2568 634 2609 atque
652 2559 1071 2608 circumscribendum
1087 2558 1162 2600 effe
1177 2560 1334 2601 novum
1345 2560 1592 2599 Concursum
1616 2563 1831 2598 attentate

510 2611 699 2653 habitum
723 2611 929 2660 pendente
961 2613 1278 2662 appellationea
1295 2613 1426 2662 primo
1451 2622 1462 2649 :
1490 2613 1559 2658 vel
1586 2611 1733 2651 saltem
1760 2609 1837 2649 des·

514 2663 765 2707 cernendum
810 2664 1140 2713 experimentum
1187 2665 1283 2705 novi
1322 2663 1528 2705 Examinis
1565 2663 1615 2703 ad
1642 2662 1850 2702 formam-»¹

513 2713 834 2758 Constitutionis
850 2727 912 2757 33.
929 2715 1035 2755 S.Pii
1054 2718 1108 2756 V.
1127 2742 1141 2767 2
1156 2725 1202 2760 ut
1218 2716 1406 2760 definivit
1419 2718 1515 2758 Rota
1529 2719 1568 2757 in
1580 2716 1841 2768 decifixoma·

513 2765 644 2818 &seq-2
662 2766 759 2816 apud
774 2766 971 2809 Monacell.
988 2778 1115 2818 tom04.
1434 2801 1440 2805 .
1741 2763 1855 2804 Con·
