1934 2954
570 163 589 187 2

537 160 727 250 {xceptio
744 211 823 239 non
839 197 1079 238 admittitur
1094 200 1134 239 in
1151 199 1285 241 Caufis
1299 200 1611 240 Alimentorum
1632 224 1644 246 ,
1674 208 1875 251 quorum,

533 254 693 294 taxatio
710 253 891 293 variatur
917 263 1188 298 cumrerum,
1217 268 1262 294 ac
1280 256 1403 293 status
1432 254 1665 294 mutatione
1685 278 1699 298 ‚
1729 264 1776 292 ex
1800 252 1867 291 fir-

531 307 658 345 matis
675 318 746 356 per
758 305 893 343 Rotam
901 305 976 354 post
989 305 1127 355 Castill.
1148 308 1194 344 de
1209 307 1414 345 Alimentis
1441 307 1550 355 decis.
1563 321 1621 354 19.
1651 318 1790 354 num.4.
1820 308 1865 349 &-

520 360 601 410 seq.
620 372 630 397 ε
659 360 725 399 vel
743 357 837 407 quia
854 358 1024 407 potestas
1040 358 1176 399 denuo
1190 359 1426 401 recurrendi
1457 360 1608 399 tributa
1623 357 1797 397 dicenda
1812 358 1866 396 est

531 422 606 460 per
621 411 896 452 remiffionem
922 422 1120 450 novarum
1136 424 1303 462 precum
1328 413 1367 452 A
1383 409 1780 452 ‘SANCTISSIMO
1811 407 1869 449 fa-

533 465 640 503 &am
656 465 707 504 ad
724 466 824 504 hanc
843 463 1004 503 Sacram
1017 464 1391 516 Congregationem
1414 495 1423 504 .

481 520 535 561 Et
550 529 600 556 eo
614 517 742 566 magis
757 515 960 556 rationem
974 514 1025 555 de
1041 519 1359 565 praecedentibus
1377 516 1581 566 rescriptis
1611 514 1863 554 habendam-³

534 581 615 608 non
631 568 709 609 effe
723 595 736 615 ,
764 567 952 608 defendit
966 581 981 608 ,-
1011 569 1106 619 quia
1122 571 1282 620 praefata
1295 573 1451 611 summa
1465 571 1671 609 scutorum
1687 566 1864 620 quinque

530 633 604 671 pro
619 621 698 661 suis
712 621 924 661 alimentis
948 620 1141 670 affignata
1152 623 1233 664 fuit
1247 650 1260 669 ,
1288 626 1385 664 dum
1404 624 1484 673 ipsa
1502 623 1541 661 in
1558 620 1708 660 minori
1739 627 1861 658 aetate

532 674 752 714 constituta
767 674 897 714 vitam
910 672 1084 714 ducebat
1111 688 1204 715 cum
1221 677 1343 718 Patre
1357 704 1370 724 ‚
1398 677 1436 717 Sc
1453 673 1656 715 Fratribus
1676 697 1689 716 9
1718 671 1788 722 qui
1813 671 1860 709 fi·-

530 725 697 766 milibus
715 727 1030 776 praestationibus
1045 726 1305 771 fruebantur,·
1331 743 1410 781 quo
1434 729 1473 768 in
1493 727 1583 767 casu
1602 724 1738 774 plures
1753 723 1864 762 sum-

530 790 605 816 mae
619 780 805 818 omnibus
823 778 973 818 unitim
995 782 1211 821 commode
1239 784 1298 823 sat
1313 781 1388 822 effe
1418 785 1634 829 poterant:
1663 787 1768 816 nunc
1784 786 1865 833 ‘au-

529 839 619 870 tem
634 856 648 876 ,
675 834 799 882 quilm
814 830 1008 871 defuneto
1023 831 1145 874 Patre
1169 847 1308 876 omnes
1339 835 1499 874 seorfim
1511 832 1653 872 vivant
1670 853 1683 873 ‚
1714 829 1753 868 &
1772 827 1863 884 ‘1psa

532 892 655 924 aetate
668 884 850 923 creverit
867 909 881 929 ,
902 884 1066 934 fingulis
1095 885 1263 927 divisim
1293 887 1476 927 sufficere
1503 896 1581 927 non
1597 891 1863 939 comper1un·

528 943 598 974 tur
621 935 781 985 propria
796 935 1087 987 affignamenta
1103 962 1116 982 ‚
1145 951 1192 979 ac
1206 940 1374 990 proinde
1388 938 1536 989 cuiqffle
1565 933 1860 989 multiplicati-s

526 988 707 1037 expenfis
724 1013 736 1033 ‚
757 989 922 1029 illarum
938 991 1120 1038 respectu
1136 993 1277 1042 augeri
1291 992 1418 1033 etiam
1431 991 1553 1030 debet
1568 986 1774 1039 quantitas
1790 985 1864 1024 ali-

526 1049 763 1080 mentorum
778 1066 790 1086 ‚
818 1053 888 1090 per
905 1043 1061 1080 Textum
1074 1047 1112 1081 in
1127 1047 1212 1093 Leg.
1231 1045 1302 1094 ‘Jus
1318 1046 1568 1083 alimentorum
1583 1053 1619 1082 3.
1640 1037 1685 1087 ffi
1702 1039 1763 1076 ubi
1777 1039 1858 1075 Pu-

523 1091 609 1142 pili.
631 1094 733 1130 educ.
751 1093 812 1131 vel
827 1107 913 1131 mor.
930 1096 1077 1139 deb.‚&
1087 1098 1181 1134 Rota
1196 1099 1236 1134 in
1249 1097 1413 1137 Romana
1426 1096 1705 1133 Atimentorum
1717 1089 1865 1134 3.Mar⁴
1927 1103 1930 1106 ·

528 1146 575 1180 tii
592 1157 707 1192 1747·
724 1152 800 1187 ΕΑ·
819 1158 936 1182 coram
949 1145 1039 1183 Rn‘w
1056 1148 1223 1197 Episcopo
1238 1151 1404 1188 Brixien.
1422 1172 1434 1192 ‚
1467 1151 1511 1190 τίς·
1537 1151 1575 1184 in
1590 1145 1752 1182 Romana
1765 1141 1862 1179 Ali-

524 1205 723 1233 mentorum
729 1197 844 1246 super
854 1208 1067 1245 augumento
1087 1213 1101 1237 1
1112 1201 1331 1251 7.Januarii
1351 1216 1364 1240 1
1375 1215 1395 1249 7
1403 1212 1421 1245 5
1430 1199 1532 1248 2.§.3
1542 1226 1551 1238 .
1569 1210 1689 1237 coram
1700 1198 1786 1236 Εῆιθ
1805 1196 1861 1234 D·

527 1249 640 1288 card.
658 1251 769 1298 Buffio
781 1277 791 1287 .

480 1303 597 1344 Sicut
612 1301 764 1350 pariter
779 1301 948 1350 allegari
963 1315 1041 1341 non
1057 1302 1162 1351 posse
1177 1305 1317 1346 censet
1331 1331 1345 1351 ‚
1362 1303 1600 1345 reddituum
1615 1297 1864 1340 insufficien-

526 1353 630 1392 tiam
643 1353 807 1402 copioso
824 1365 998 1394 numero
1017 1354 1328 1405 Legatariorum
1342 1372 1357 1398 ‚·
1387 1359 1510 1408 quum
1527 1354 1699 1404 expresse
1717 1362 1865 1391 cavea-

521 1415 593 1445 tur
622 1407 662 1443 in
678 1404 847 1455 praefato
872 1405 996 1446 Motu
1021 1408 1185 1456 proprio
1212 1409 1289 1449 san.
1307 1423 1433 1450 mem.
1463 1405 1673 1448 Benedicti
1704 1402 1819 1443 XIV.
1841 1428 1866 1450 -‚

524 1456 633 1507 quod
647 1458 674 1496 fi
690 1468 760 1506 pro
775 1457 1079 1507 affignamentis
1097 1458 1217 1500 factis
1231 1487 1245 1507 ‚
1262 1463 1330 1503 vel
1343 1460 1536 1512 augendis
1548 1473 1614 1498 non
1622 1460 1781 1508 saranno
1798 1458 1864 1495 ba·-

515 1509 650 1561 stevoli
664 1514 678 1547 i
684 1511 803 1559 srutte'
815 1510 914 1548 dena
923 1520 1029 1561 parte
1044 1514 1291 1564 distribuenda
1305 1541 1319 1562 ,
1350 1515 1527 1564 vogliamo
1538 1539 1551 1559 ‚
1579 1514 1642 1551 che
1647 1512 1681 1561 fi
1687 1510 1864 1560 prendino

525 1562 627 1600 dalla
639 1572 746 1613 parte
760 1562 1037 1613 moltiplicanda
1055 1594 1065 1605 .

471 1615 595 1658 Circa
610 1615 890 1666 quantitatem
906 1615 1085 1669 denique
1097 1618 1222 1664 petiti
1238 1617 1479 1670 augumenti
1507 1617 1548 1657 se
1574 1614 1738 1662 subjicit
1768 1627 1864 1665 pru-

522 1668 673 1707 dentiae
688 1666 850 1707 EE.PP.
866 1681 881 1709 5
907 1669 1112 1711 adducens
1128 1673 1325 1712 nonnulla
1342 1670 1528 1719 exempla
1545 1667 1864 1720 praestationum,

524 1732 611 1771 quae
622 1721 835 1760 solvuntur
851 1720 981 1760 etiam
995 1721 1248 1764 Monialibus
1265 1723 1454 1765 Profeffis
1472 1723 1512 1762 in
1527 1721 1766 1773 quantitate
1780 1720 1864 1760 scu-

524 1780 664 1811 torum
688 1787 745 1812 10.
762 1773 949 1824 quolibet
965 1776 1117 1822 mense,
1134 1777 1173 1817 Sc
1188 1776 1282 1816 aliis
1302 1776 1341 1817 in
1356 1775 1501 1823 majori
1515 1775 1674 1813 summa
1689 1803 1700 1813 .

471 1824 554 1882 Sed·
566 1836 640 1871 pro
656 1834 770 1874 parte
789 1825 1177 1868 Administratorum
1204 1829 1261 1879 pii
1277 1830 1423 1879 Legati
1453 1826 1657 1876 excipitur
1674 1851 1687 1870 ‚
1718 1824 1863 1864 instan-

521 1885 625 1917 tiam
650 1878 832 1926 praetenfi
843 1879 1083 1928 augumenti
1112 1882 1286 1932 amplius
1302 1881 1546 1922 audiendam
1563 1891 1642 1917 non
1660 1878 1766 1923 efflei,
1779 1878 1862 1934 1³0st

521 1928 863 1986 quamsaepiffime
889 1933 1090 1982 propofita
1105 1947 1128 1973 a
1144 1934 1349 1984 Raphaele
1365 1934 1487 1973 Patre
1503 1957 1518 1977 ‚
1547 1932 1615 1971 vel
1633 1931 1680 1968 ab
1698 1930 1788 1986 ejus·
1800 1927 1863 1968 Fi·-

480 1991 484 1995 ·
519 1981 591 2020 lus
606 2004 621 2024 ‚
655 1982 695 2021 ὃς
709 1983 757 2021 ab
773 1982 854 2031 ipsa
867 1983 1063 2025 Oratrice
1079 2009 1092 2030 ‚
1116 1986 1273 2037 semper
1290 1988 1440 2033 rejecta
1458 1985 1541 2025 fuit
1558 2009 1573 2029 ,
1599 1983 1752 2022 nedum
1778 1992 1854 2020 im,

523 2033 672 2090 cans-ibus
687 2034 837 2091 relatis·
849 2035 890 2075 in
906 2036 1024 2076 Folio
1038 2037 1378 2090 Congregationis
1392 2038 1476 2078 diei
1491 2035 1689 2085 7.Aprilis
1713 2046 1829 2082 1742.
1844 2059 1861 2080 ‚

522 2085 693 2137 aliisque
708 2086 888 2136 superius
903 2091 1100 2130 enarratis
1117 2117 1132 2137 ‚
1147 2091 1215 2130 sed
1234 2091 1363 2131 etiam
1378 2104 1400 2130 a
1416 2087 1747 2139 Congregatione
1761 2086 1859 2126 Par-

521 2137 691 2176 ticulari
705 2138 774 2177 die
793 2143 853 2178 18.
869 2140 1040 2192 Augusti
1060 2155 1129 2189 173
1139 2157 1192 2190 7.‚
1205 2156 1286 2195 quo
1301 2142 1545 2192 rescriptum
1557 2140 1637 2180 fuit
1653 2153 1681 2175 =
1695 2141 1859 2184 Mum,

521 2191 567 2233 ὠ·
582 2191 789 2240 acquiescat
801 2197 941 2231 omnino
957 2220 969 2240 ‚
997 2198 1041 2240 ὠ·
1055 2195 1105 2233 ad
1120 2197 1319 2234 Dominum
1334 2199 1590 2234 secretarium
1605 2219 1620 2239 ‚
1641 2191 1857 2248 ’φή-’βέλε’

520 2241 706 2292 instantias
720 2243 874 2293 amplius
888 2258 956 2283 non
970 2249 1111 2294 referat
1126 2263 1153 2285 =
1165 2261 1181 2289 ‚-
1210 2250 1249 2289 &
1264 2249 1397 2287 rursus
1419 2247 1488 2287 die
1522 2260 1582 2294 17.
1603 2243 1856 2295 Septembris
1900 2273 1905 2275 -

524 2306 642 2342 1739.
657 2319 672 2341 ‚
694 2307 777 2347 quo
790 2296 949 2337 editum
965 2297 1048 2338 fuit
1071 2300 1185 2339 aliud
1206 2302 1448 2349 rescriptum
1474 2315 1504 2338 t:
1530 2299 1676 2339 Lettum
1688 2322 1703 2342 ,
1720 2301 1762 2340 ὠ·
1774 2309 1858 2335 am

520 2345 618 2396 plius
633 2361 661 2384 ·.-.
685 2358 696 2385 t
725 2360 883 2388 necnon
900 2351 1025 2391 semel
1055 2352 1092 2392 Sc
1112 2352 1263 2392 iterum
1277 2365 1383 2393 anno
1402 2365 1515 2402 1744.
1541 2350 1669 2390 etiam
1698 2349 1746 2388 ab
1777 2348 1865 2400 ips„

522 2399 732 2456 sanmem.
746 2399 970 2442 Benedie'to
989 2402 1125 2448 XIV„
1139 2413 1230 2445 tum
1245 2418 1316 2455 per
1331 2405 1602 2448 Secretariam
1617 2401 1870 2458 Supplicuss

520 2448 779 2492 Libellorum
794 2477 808 2497 ‚
835 2463 927 2494 tum
953 2456 1003 2496 ad
1025 2457 1275 2498 relationem
1302 2458 1528 2498 clar.mem.
1544 2452 1775 2494 Cardmalis
1802 2454 1859 2495 de

521 2502 760 2560 Gentilibus
777 2514 877 2547 tuuc
890 2508 1020 2549 Sacrae
1039 2511 1092 2550 hu
1095 2510 1159 2555 jus
1173 2509 1512 2560 Congregationis
1525 2503 1728 2546 Praefixstis
1745 2506 1858 2547 itaut:

522 2560 651 2594 toties
667 2559 822 2615 rejet‘ta
836 2560 1049 2609 instantia,
1077 2565 1277 2611 majorem
1305 2563 1549 2603 meritorum
1562 2557 1859 2600 *discuffionem

524 2617 604 2655 non
619 2616 800 2655 patiatur
814 2641 825 2652 .

470 2653 673 2704 Ptaeterss
697 2661 950 2713 subjungitur
965 2691 981 2712 ,
1006 2667 1241 2717 legitimam
1270 2678 1350 2706 non
1377 2663 1513 2704 afferri
1537 2663 1700 2703 causam
1724 2675 1854 2715 augu-

513 2711 683 2756 ‘mentis
702 2714 826 2766 quum
842 2716 1022 2759 oratrix
1027 2719 1161 2770 gavisa
1177 2719 1225 2759 fit
1238 2719 1308 2759 suo
1323 2716 1612 2771 affiguamento
1627 2729 1711 2759 non
1718 2717 1856 2773 solutu

1807 2778 1853 2806 m
