<?xml version="1.0" encoding="UTF-8"?>
<!DOCTYPE html PUBLIC "-//W3C//DTD XHTML 1.0 Transitional//EN"
    "http://www.w3.org/TR/xhtml1/DTD/xhtml1-transitional.dtd">
<html xmlns="http://www.w3.org/1999/xhtml" xml:lang="en" lang="en">
 <head>
  <title>
</title>
<meta http-equiv="Content-Type" content="text/html;charset=utf-8" />
  <meta name='ocr-system' content='tesseract 3.04.00' />
  <meta name='ocr-capabilities' content='ocr_page ocr_carea ocr_par ocr_line ocrx_word'/>
</head>
<body>
  <div class='ocr_page' id='page_1' title='image "./thesaurusresolut30cath_0595.png"; bbox 0 0 1934 2954; ppageno 0'>
   <div class='ocr_carea' id='block_1_1' title="bbox 493 214 1176 252">
    <p class='ocr_par' dir='ltr' id='par_1_1' title="bbox 493 214 1176 252">
     <span class='ocr_line' id='line_1_1' title="bbox 493 214 1176 252; baseline -0.004 0"><span class='ocrx_word' id='word_1_1' title='bbox 493 214 1176 252; x_wconf 85' lang='lat' dir='ltr'><strong>CONCLUSIONUM.</strong></span> 
     </span>
    </p>
   </div>
   <div class='ocr_carea' id='block_1_2' title="bbox 1544 231 1616 268">
    <p class='ocr_par' dir='ltr' id='par_1_2' title="bbox 1544 231 1616 268">
     <span class='ocr_line' id='line_1_2' title="bbox 1544 231 1616 268; baseline 0.042 -3"><span class='ocrx_word' id='word_1_2' title='bbox 1544 231 1616 268; x_wconf 87' lang='lat'>307</span> 
     </span>
    </p>
   </div>
   <div class='ocr_carea' id='block_1_3' title="bbox 100 264 1612 309">
    <p class='ocr_par' dir='ltr' id='par_1_3' title="bbox 100 264 1612 309">
     <span class='ocr_line' id='line_1_3' title="bbox 100 264 1612 309; baseline -0.001 -13"><span class='ocrx_word' id='word_1_3' title='bbox 100 268 195 309; x_wconf 80' lang='lat' dir='ltr'>Optio</span> <span class='ocrx_word' id='word_1_4' title='bbox 220 264 319 297; x_wconf 57' lang='lat' dir='ltr'>debita</span> <span class='ocrx_word' id='word_1_5' title='bbox 340 268 401 303; x_wconf 74' lang='lat' dir='ltr'>jure</span> <span class='ocrx_word' id='word_1_6' title='bbox 420 265 599 297; x_wconf 77' lang='lat' dir='ltr'>antianiratis</span> <span class='ocrx_word' id='word_1_7' title='bbox 621 266 802 306; x_wconf 79' lang='lat' dir='ltr'>distinguitur</span> <span class='ocrx_word' id='word_1_8' title='bbox 825 276 840 295; x_wconf 85' lang='lat' dir='ltr'>a</span> <span class='ocrx_word' id='word_1_9' title='bbox 882 264 994 295; x_wconf 75' lang='lat' dir='ltr'>Etiamsi</span> <span class='ocrx_word' id='word_1_10' title='bbox 1007 273 1064 292; x_wconf 84' lang='lat' dir='ltr'>non</span> <span class='ocrx_word' id='word_1_11' title='bbox 1076 267 1205 296; x_wconf 77' lang='lat' dir='ltr'>constet,</span> <span class='ocrx_word' id='word_1_12' title='bbox 1230 276 1356 306; x_wconf 82' lang='lat' dir='ltr'>unquam</span> <span class='ocrx_word' id='word_1_13' title='bbox 1377 265 1453 297; x_wconf 77' lang='lat' dir='ltr'>fniss&#39;e</span> <span class='ocrx_word' id='word_1_14' title='bbox 1464 276 1589 298; x_wconf 78' lang='lat' dir='ltr'>amotum</span> <span class='ocrx_word' id='word_1_15' title='bbox 1603 290 1612 299; x_wconf 82' lang='lat'><strong>,</strong></span> 
     </span>
    </p>
   </div>
   <div class='ocr_carea' id='block_1_4' title="bbox 91 305 838 1575">
    <p class='ocr_par' dir='ltr' id='par_1_4' title="bbox 128 305 838 428">
     <span class='ocr_line' id='line_1_4' title="bbox 137 305 838 347; baseline -0.004 -10"><span class='ocrx_word' id='word_1_16' title='bbox 137 315 199 347; x_wconf 78' lang='lat' dir='ltr'>jure</span> <span class='ocrx_word' id='word_1_17' title='bbox 213 308 378 339; x_wconf 78' lang='lat' dir='ltr'>Canonicae‚</span> <span class='ocrx_word' id='word_1_18' title='bbox 394 310 420 336; x_wconf 76' lang='grc' dir='ltr'>ὃ(</span> <span class='ocrx_word' id='word_1_19' title='bbox 434 305 560 337; x_wconf 77' lang='lat' dir='ltr'>defertur</span> <span class='ocrx_word' id='word_1_20' title='bbox 571 308 605 337; x_wconf 86' lang='lat' dir='ltr'>ad</span> <span class='ocrx_word' id='word_1_21' title='bbox 617 307 777 347; x_wconf 83' lang='lat' dir='ltr'>proximum</span> <span class='ocrx_word' id='word_1_22' title='bbox 790 317 838 335; x_wconf 85' lang='lat' dir='ltr'>an-</span> 
     </span>
     <span class='ocr_line' id='line_1_5' title="bbox 128 347 836 380; baseline -0.004 -1"><span class='ocrx_word' id='word_1_23' title='bbox 128 351 249 380; x_wconf 81' lang='lat' dir='ltr'>·tianum</span> <span class='ocrx_word' id='word_1_24' title='bbox 260 367 270 379; x_wconf 65' lang='lat'><strong><em>³</em></strong></span> <span class='ocrx_word' id='word_1_25' title='bbox 292 359 346 376; x_wconf 90' lang='lat' dir='ltr'>non</span> <span class='ocrx_word' id='word_1_26' title='bbox 359 358 454 377; x_wconf 81' lang='lat' dir='ltr'>antem</span> <span class='ocrx_word' id='word_1_27' title='bbox 468 348 502 377; x_wconf 89' lang='lat' dir='ltr'>ad</span> <span class='ocrx_word' id='word_1_28' title='bbox 515 347 697 378; x_wconf 78' lang='lat' dir='ltr'>successorem</span> <span class='ocrx_word' id='word_1_29' title='bbox 708 347 836 377; x_wconf 85' lang='lat' dir='ltr'>Canoni-</span> 
     </span>
     <span class='ocr_line' id='line_1_6' title="bbox 133 389 518 428; baseline 0 -10"><span class='ocrx_word' id='word_1_30' title='bbox 133 400 199 420; x_wconf 88' lang='lat' dir='ltr'>cum</span> <span class='ocrx_word' id='word_1_31' title='bbox 213 409 220 417; x_wconf 92' lang='lat'>.</span> <span class='ocrx_word' id='word_1_32' title='bbox 244 392 267 421; x_wconf 58' lang='lat'>55-</span> <span class='ocrx_word' id='word_1_33' title='bbox 280 389 476 428; x_wconf 69' lang='lat' dir='ltr'>Aucliluspag-</span> <span class='ocrx_word' id='word_1_34' title='bbox 488 400 518 423; x_wconf 84' lang='lat'>9.</span> 
     </span>
    </p>

    <p class='ocr_par' dir='ltr' id='par_1_5' title="bbox 91 430 513 460">
     <span class='ocr_line' id='line_1_7' title="bbox 91 430 513 460; baseline 0 -1"><span class='ocrx_word' id='word_1_35' title='bbox 91 430 262 460; x_wconf 75' lang='lat' dir='ltr'>oratorium</span> <span class='ocrx_word' id='word_1_36' title='bbox 274 451 280 457; x_wconf 88' lang='lat'>.</span> <span class='ocrx_word' id='word_1_37' title='bbox 306 432 341 460; x_wconf 90' lang='lat' dir='ltr'>V.</span> <span class='ocrx_word' id='word_1_38' title='bbox 357 430 492 459; x_wconf 66' lang='lat' dir='ltr'>Mon-achi</span> <span class='ocrx_word' id='word_1_39' title='bbox 505 450 513 459; x_wconf 83' lang='grc'><strong>.</strong></span> 
     </span>
    </p>

    <p class='ocr_par' dir='ltr' id='par_1_6' title="bbox 95 469 835 552">
     <span class='ocr_line' id='line_1_8' title="bbox 95 469 834 510; baseline 0.003 -11"><span class='ocrx_word' id='word_1_40' title='bbox 95 471 241 500; x_wconf 86' lang='lat' dir='ltr'>Ordinum</span> <span class='ocrx_word' id='word_1_41' title='bbox 253 473 407 500; x_wconf 85' lang='lat' dir='ltr'>Sacrorum</span> <span class='ocrx_word' id='word_1_42' title='bbox 419 471 612 510; x_wconf 74' lang='lat' dir='ltr'>allequutioni</span> <span class='ocrx_word' id='word_1_43' title='bbox 627 469 779 502; x_wconf 73' lang='lat' dir='ltr'>necessaria</span> <span class='ocrx_word' id='word_1_44' title='bbox 800 471 834 501; x_wconf 80' lang='lat' dir='ltr'>est</span> 
     </span>
     <span class='ocr_line' id='line_1_9' title="bbox 136 512 835 552; baseline -0.001 -11"><span class='ocrx_word' id='word_1_45' title='bbox 136 523 213 543; x_wconf 63' lang='grc' dir='ltr'>κως,</span> <span class='ocrx_word' id='word_1_46' title='bbox 226 515 251 540; x_wconf 58' lang='grc' dir='ltr'>ἃ</span> <span class='ocrx_word' id='word_1_47' title='bbox 264 512 381 542; x_wconf 83' lang='lat' dir='ltr'>scientia</span> <span class='ocrx_word' id='word_1_48' title='bbox 391 521 472 542; x_wconf 78' lang='lat' dir='ltr'>certa</span> <span class='ocrx_word' id='word_1_49' title='bbox 486 534 493 542; x_wconf 90' lang='lat'>.</span> <span class='ocrx_word' id='word_1_50' title='bbox 507 516 532 543; x_wconf 57' lang='lat' dir='ltr'>t.</span> <span class='ocrx_word' id='word_1_51' title='bbox 545 516 601 541; x_wconf 79' lang='lat' dir='ltr'>Nec</span> <span class='ocrx_word' id='word_1_52' title='bbox 615 514 773 552; x_wconf 72' lang='lat' dir='ltr'>censetpag.</span> <span class='ocrx_word' id='word_1_53' title='bbox 786 521 835 548; x_wconf 74' lang='grc' dir='ltr'>ις.</span> 
     </span>
    </p>

    <p class='ocr_par' dir='ltr' id='par_1_7' title="bbox 104 551 835 633">
     <span class='ocr_line' id='line_1_10' title="bbox 104 551 835 583; baseline -0.003 0"><span class='ocrx_word' id='word_1_54' title='bbox 104 553 261 583; x_wconf 71' lang='lat' dir='ltr'>Ordinatio</span> <span class='ocrx_word' id='word_1_55' title='bbox 274 552 402 582; x_wconf 75' lang='lat' dir='ltr'>facienda</span> <span class='ocrx_word' id='word_1_56' title='bbox 416 555 451 583; x_wconf 85' lang='lat' dir='ltr'>est</span> <span class='ocrx_word' id='word_1_57' title='bbox 464 552 575 583; x_wconf 85' lang='lat' dir='ltr'>servata</span> <span class='ocrx_word' id='word_1_58' title='bbox 589 551 679 583; x_wconf 72' lang='lat' dir='ltr'>forma</span> <span class='ocrx_word' id='word_1_59' title='bbox 698 553 835 583; x_wconf 82' lang='lat' dir='ltr'>constitu-</span> 
     </span>
     <span class='ocr_line' id='line_1_11' title="bbox 135 593 795 633; baseline -0.005 -10"><span class='ocrx_word' id='word_1_60' title='bbox 135 593 223 623; x_wconf 81' lang='lat' dir='ltr'>tionis</span> <span class='ocrx_word' id='word_1_61' title='bbox 236 593 430 633; x_wconf 80' lang='lat' dir='ltr'>speculatores</span> <span class='ocrx_word' id='word_1_62' title='bbox 445 615 453 623; x_wconf 89' lang='lat'>.</span> <span class='ocrx_word' id='word_1_63' title='bbox 472 601 495 627; x_wconf 57' lang='lat'>9.</span> <span class='ocrx_word' id='word_1_64' title='bbox 507 597 568 622; x_wconf 65' lang='lat' dir='ltr'>Hm:</span> <span class='ocrx_word' id='word_1_65' title='bbox 579 594 657 623; x_wconf 66' lang='lat' dir='ltr'>addit</span> <span class='ocrx_word' id='word_1_66' title='bbox 668 604 734 633; x_wconf 78' lang='lat' dir='ltr'>pag.</span> <span class='ocrx_word' id='word_1_67' title='bbox 748 603 795 631; x_wconf 79' lang='lat'>24.</span> 
     </span>
    </p>

    <p class='ocr_par' dir='ltr' id='par_1_8' title="bbox 98 635 829 798">
     <span class='ocr_line' id='line_1_12' title="bbox 98 635 829 665; baseline -0.003 0"><span class='ocrx_word' id='word_1_68' title='bbox 98 635 298 665; x_wconf 85' lang='lat' dir='ltr'>Ordinationis</span> <span class='ocrx_word' id='word_1_69' title='bbox 324 636 428 664; x_wconf 76' lang='lat' dir='ltr'>titulus</span> <span class='ocrx_word' id='word_1_70' title='bbox 450 646 484 665; x_wconf 76' lang='lat' dir='ltr'>:tn</span> <span class='ocrx_word' id='word_1_71' title='bbox 497 635 599 665; x_wconf 83' lang='lat' dir='ltr'>debeat</span> <span class='ocrx_word' id='word_1_72' title='bbox 625 635 675 664; x_wconf 71' lang='lat' dir='ltr'>else</span> <span class='ocrx_word' id='word_1_73' title='bbox 691 635 829 663; x_wconf 82' lang='lat' dir='ltr'>immunis</span> 
     </span>
     <span class='ocr_line' id='line_1_13' title="bbox 133 675 826 716; baseline 0 -11"><span class='ocrx_word' id='word_1_74' title='bbox 133 677 168 705; x_wconf 85' lang='lat' dir='ltr'>ab</span> <span class='ocrx_word' id='word_1_75' title='bbox 192 687 276 705; x_wconf 82' lang='lat' dir='ltr'>onere</span> <span class='ocrx_word' id='word_1_76' title='bbox 297 675 443 706; x_wconf 77' lang='lat' dir='ltr'>Miss&#39;arnm</span> <span class='ocrx_word' id='word_1_77' title='bbox 458 695 468 708; x_wconf 84' lang='lat'>‚</span> <span class='ocrx_word' id='word_1_78' title='bbox 489 687 542 716; x_wconf 87' lang='lat' dir='ltr'>pro</span> <span class='ocrx_word' id='word_1_79' title='bbox 567 676 730 715; x_wconf 77' lang='lat' dir='ltr'>quantitate</span> <span class='ocrx_word' id='word_1_80' title='bbox 758 686 826 705; x_wconf 88' lang='lat' dir='ltr'>con-</span> 
     </span>
     <span class='ocr_line' id='line_1_14' title="bbox 131 715 828 758; baseline -0.001 -12"><span class='ocrx_word' id='word_1_81' title='bbox 131 727 209 756; x_wconf 71' lang='lat' dir='ltr'>gruae</span> <span class='ocrx_word' id='word_1_82' title='bbox 221 715 367 756; x_wconf 83' lang='lat' dir='ltr'>synodalis</span> <span class='ocrx_word' id='word_1_83' title='bbox 382 736 391 748; x_wconf 76' lang='lat'><strong><em>&gt;</em></strong></span> <span class='ocrx_word' id='word_1_84' title='bbox 415 717 516 758; x_wconf 82' lang='lat' dir='ltr'>pendet</span> <span class='ocrx_word' id='word_1_85' title='bbox 529 717 563 746; x_wconf 90' lang='lat' dir='ltr'>ab</span> <span class='ocrx_word' id='word_1_86' title='bbox 575 716 698 746; x_wconf 86' lang='lat' dir='ltr'>arbitrio</span> <span class='ocrx_word' id='word_1_87' title='bbox 712 715 828 757; x_wconf 84' lang='lat' dir='ltr'>Episco-</span> 
     </span>
     <span class='ocr_line' id='line_1_15' title="bbox 137 758 609 798; baseline 0.002 -12"><span class='ocrx_word' id='word_1_88' title='bbox 137 758 167 797; x_wconf 87' lang='lat' dir='ltr'>pi</span> <span class='ocrx_word' id='word_1_89' title='bbox 183 777 192 787; x_wconf 87' lang='lat'><strong>.</strong></span> <span class='ocrx_word' id='word_1_90' title='bbox 213 762 240 790; x_wconf 62' lang='lat'>9.</span> <span class='ocrx_word' id='word_1_91' title='bbox 254 758 539 798; x_wconf 67' lang='lat' dir='ltr'>Compostellunapctg.</span> <span class='ocrx_word' id='word_1_92' title='bbox 557 762 609 791; x_wconf 70' lang='grc' dir='ltr'>εἰς.</span> 
     </span>
    </p>

    <p class='ocr_par' dir='ltr' id='par_1_9' title="bbox 94 798 830 918">
     <span class='ocr_line' id='line_1_16' title="bbox 94 798 830 829; baseline -0.004 0"><span class='ocrx_word' id='word_1_93' title='bbox 94 799 180 829; x_wconf 85' lang='lat' dir='ltr'>Ordo</span> <span class='ocrx_word' id='word_1_94' title='bbox 198 799 421 828; x_wconf 77' lang='lat' dir='ltr'>subdiaconatus</span> <span class='ocrx_word' id='word_1_95' title='bbox 445 798 473 828; x_wconf 87' lang='lat' dir='ltr'>vi</span> <span class='ocrx_word' id='word_1_96' title='bbox 486 799 614 828; x_wconf 65' lang='lat' dir='ltr'>conftiva</span> <span class='ocrx_word' id='word_1_97' title='bbox 626 817 634 829; x_wconf 83' lang='grc'>,</span> <span class='ocrx_word' id='word_1_98' title='bbox 658 801 685 828; x_wconf 71' lang='grc' dir='ltr'>δε</span> <span class='ocrx_word' id='word_1_99' title='bbox 697 798 830 827; x_wconf 83' lang='lat' dir='ltr'>absoluta</span> 
     </span>
     <span class='ocr_line' id='line_1_17' title="bbox 133 838 828 879; baseline 0.001 -10"><span class='ocrx_word' id='word_1_100' title='bbox 133 839 260 869; x_wconf 77' lang='lat' dir='ltr'>collatus</span> <span class='ocrx_word' id='word_1_101' title='bbox 277 839 372 868; x_wconf 88' lang='lat' dir='ltr'>invito</span> <span class='ocrx_word' id='word_1_102' title='bbox 385 850 441 869; x_wconf 93' lang='lat' dir='ltr'>non</span> <span class='ocrx_word' id='word_1_103' title='bbox 454 838 592 879; x_wconf 77' lang='lat' dir='ltr'>imprimit</span> <span class='ocrx_word' id='word_1_104' title='bbox 616 841 807 870; x_wconf 66' lang='lat' dir='ltr'>cbaratterem</span> <span class='ocrx_word' id='word_1_105' title='bbox 819 859 828 870; x_wconf 70' lang='lat'>0</span> 
     </span>
     <span class='ocr_line' id='line_1_18' title="bbox 132 879 485 918; baseline 0 -9"><span class='ocrx_word' id='word_1_106' title='bbox 132 884 159 914; x_wconf 57' lang='grc' dir='ltr'>ς.</span> <span class='ocrx_word' id='word_1_107' title='bbox 172 883 235 910; x_wconf 70' lang='lat' dir='ltr'>Haer·</span> <span class='ocrx_word' id='word_1_108' title='bbox 246 879 330 915; x_wconf 76' lang='lat' dir='ltr'>Testes</span> <span class='ocrx_word' id='word_1_109' title='bbox 337 889 403 918; x_wconf 77' lang='lat' dir='ltr'>pag.</span> <span class='ocrx_word' id='word_1_110' title='bbox 419 889 485 916; x_wconf 87' lang='lat'>140.</span> 
     </span>
    </p>

    <p class='ocr_par' dir='ltr' id='par_1_10' title="bbox 132 920 830 1083">
     <span class='ocr_line' id='line_1_19' title="bbox 173 920 830 961; baseline 0.002 -11"><span class='ocrx_word' id='word_1_111' title='bbox 173 922 260 951; x_wconf 86' lang='lat' dir='ltr'>Sceus</span> <span class='ocrx_word' id='word_1_112' title='bbox 273 920 301 948; x_wconf 90' lang='lat' dir='ltr'>in</span> <span class='ocrx_word' id='word_1_113' title='bbox 314 920 413 951; x_wconf 86' lang='lat' dir='ltr'>ordine</span> <span class='ocrx_word' id='word_1_114' title='bbox 426 922 538 951; x_wconf 87' lang='lat' dir='ltr'>collato</span> <span class='ocrx_word' id='word_1_115' title='bbox 557 932 606 961; x_wconf 70' lang='lat' dir='ltr'>per</span> <span class='ocrx_word' id='word_1_116' title='bbox 617 921 699 954; x_wconf 64' lang='lat' dir='ltr'>vini,</span> <span class='ocrx_word' id='word_1_117' title='bbox 722 925 749 954; x_wconf 87' lang='lat'>&amp;</span> <span class='ocrx_word' id='word_1_118' title='bbox 765 932 830 951; x_wconf 87' lang='lat' dir='ltr'>mo-</span> 
     </span>
     <span class='ocr_line' id='line_1_20' title="bbox 135 960 829 1000; baseline 0.003 -9"><span class='ocrx_word' id='word_1_119' title='bbox 135 970 200 991; x_wconf 86' lang='lat' dir='ltr'>tum</span> <span class='ocrx_word' id='word_1_120' title='bbox 212 980 222 993; x_wconf 86' lang='lat'>,</span> <span class='ocrx_word' id='word_1_121' title='bbox 255 960 308 1000; x_wconf 87' lang='lat' dir='ltr'>qui</span> <span class='ocrx_word' id='word_1_122' title='bbox 321 961 458 1000; x_wconf 81' lang='lat' dir='ltr'>imprimit</span> <span class='ocrx_word' id='word_1_123' title='bbox 483 963 672 993; x_wconf 69' lang='lat' dir='ltr'>cliaraf‘terem</span> <span class='ocrx_word' id='word_1_124' title='bbox 685 982 695 996; x_wconf 89' lang='lat'>‚</span> <span class='ocrx_word' id='word_1_125' title='bbox 717 963 762 993; x_wconf 83' lang='lat' dir='ltr'>sed</span> <span class='ocrx_word' id='word_1_126' title='bbox 774 975 829 994; x_wconf 79' lang='lat' dir='ltr'>non</span> 
     </span>
     <span class='ocr_line' id='line_1_21' title="bbox 132 1001 830 1043; baseline 0 -12"><span class='ocrx_word' id='word_1_127' title='bbox 132 1001 248 1042; x_wconf 80' lang='lat' dir='ltr'>obligat</span> <span class='ocrx_word' id='word_1_128' title='bbox 269 1002 303 1030; x_wconf 90' lang='lat' dir='ltr'>ad</span> <span class='ocrx_word' id='word_1_129' title='bbox 324 1011 423 1032; x_wconf 88' lang='lat' dir='ltr'>votum</span> <span class='ocrx_word' id='word_1_130' title='bbox 445 1003 631 1033; x_wconf 68' lang='lat' dir='ltr'>continentiae</span> <span class='ocrx_word' id='word_1_131' title='bbox 645 1023 655 1036; x_wconf 89' lang='lat'>‚</span> <span class='ocrx_word' id='word_1_132' title='bbox 680 1015 765 1043; x_wconf 85' lang='lat' dir='ltr'>aquo</span> <span class='ocrx_word' id='word_1_133' title='bbox 778 1002 830 1034; x_wconf 85' lang='lat' dir='ltr'>sal-</span> 
     </span>
     <span class='ocr_line' id='line_1_22' title="bbox 134 1042 783 1083; baseline 0.002 -10"><span class='ocrx_word' id='word_1_134' title='bbox 134 1050 189 1073; x_wconf 81' lang='lat' dir='ltr'>tem</span> <span class='ocrx_word' id='word_1_135' title='bbox 201 1042 379 1072; x_wconf 83' lang='lat' dir='ltr'>concedenda</span> <span class='ocrx_word' id='word_1_136' title='bbox 391 1044 426 1073; x_wconf 82' lang='lat' dir='ltr'>est</span> <span class='ocrx_word' id='word_1_137' title='bbox 437 1042 608 1083; x_wconf 83' lang='lat' dir='ltr'>dispensatio</span> <span class='ocrx_word' id='word_1_138' title='bbox 625 1066 632 1074; x_wconf 92' lang='lat'><strong><em>.</em></strong></span> <span class='ocrx_word' id='word_1_139' title='bbox 656 1045 761 1074; x_wconf 79' lang='lat' dir='ltr'>ibidem</span> <span class='ocrx_word' id='word_1_140' title='bbox 773 1064 783 1073; x_wconf 80' lang='lat'><strong>·</strong></span> 
     </span>
    </p>

    <p class='ocr_par' dir='ltr' id='par_1_11' title="bbox 131 1083 831 1203">
     <span class='ocr_line' id='line_1_23' title="bbox 172 1083 831 1122; baseline 0.003 -10"><span class='ocrx_word' id='word_1_141' title='bbox 172 1083 251 1122; x_wconf 80' lang='lat' dir='ltr'>Qia</span> <span class='ocrx_word' id='word_1_142' title='bbox 261 1092 362 1113; x_wconf 87' lang='lat' dir='ltr'>votum</span> <span class='ocrx_word' id='word_1_143' title='bbox 384 1084 573 1114; x_wconf 68' lang='lat' dir='ltr'>continentia:</span> <span class='ocrx_word' id='word_1_144' title='bbox 592 1095 647 1114; x_wconf 90' lang='lat' dir='ltr'>non</span> <span class='ocrx_word' id='word_1_145' title='bbox 663 1088 699 1116; x_wconf 81' lang='lat' dir='ltr'>est</span> <span class='ocrx_word' id='word_1_146' title='bbox 721 1086 754 1115; x_wconf 89' lang='lat' dir='ltr'>de</span> <span class='ocrx_word' id='word_1_147' title='bbox 767 1085 831 1115; x_wconf 84' lang='lat' dir='ltr'>snb-</span> 
     </span>
     <span class='ocr_line' id='line_1_24' title="bbox 131 1123 827 1157; baseline 0.006 -4"><span class='ocrx_word' id='word_1_148' title='bbox 131 1123 234 1153; x_wconf 77' lang='lat' dir='ltr'>stantia</span> <span class='ocrx_word' id='word_1_149' title='bbox 249 1124 358 1154; x_wconf 83' lang='lat' dir='ltr'>ordinis</span> <span class='ocrx_word' id='word_1_150' title='bbox 371 1125 600 1155; x_wconf 74' lang='lat' dir='ltr'>subdiaconatus</span> <span class='ocrx_word' id='word_1_151' title='bbox 613 1144 624 1157; x_wconf 78' lang='lat'>‚</span> <span class='ocrx_word' id='word_1_152' title='bbox 650 1125 697 1156; x_wconf 85' lang='lat' dir='ltr'>sed</span> <span class='ocrx_word' id='word_1_153' title='bbox 714 1126 760 1155; x_wconf 89' lang='lat' dir='ltr'>illi</span> <span class='ocrx_word' id='word_1_154' title='bbox 771 1126 827 1157; x_wconf 79' lang='lat' dir='ltr'>suit</span> 
     </span>
     <span class='ocr_line' id='line_1_25' title="bbox 133 1165 671 1203; baseline 0.002 -8"><span class='ocrx_word' id='word_1_155' title='bbox 133 1174 183 1203; x_wconf 87' lang='lat' dir='ltr'>per</span> <span class='ocrx_word' id='word_1_156' title='bbox 198 1165 346 1194; x_wconf 80' lang='lat' dir='ltr'>Ecclesiam</span> <span class='ocrx_word' id='word_1_157' title='bbox 358 1165 498 1195; x_wconf 87' lang='lat' dir='ltr'>adnexum</span> <span class='ocrx_word' id='word_1_158' title='bbox 511 1186 519 1195; x_wconf 92' lang='lat'><strong><em>.</em></strong></span> <span class='ocrx_word' id='word_1_159' title='bbox 542 1166 647 1195; x_wconf 80' lang='lat' dir='ltr'>ibidem</span> <span class='ocrx_word' id='word_1_160' title='bbox 662 1187 671 1196; x_wconf 88' lang='lat'><strong>.</strong></span> 
     </span>
    </p>

    <p class='ocr_par' dir='ltr' id='par_1_12' title="bbox 127 1206 832 1326">
     <span class='ocr_line' id='line_1_26' title="bbox 173 1206 832 1245; baseline 0.003 -9"><span class='ocrx_word' id='word_1_161' title='bbox 173 1206 202 1236; x_wconf 87' lang='lat' dir='ltr'>Si</span> <span class='ocrx_word' id='word_1_162' title='bbox 213 1214 306 1235; x_wconf 83' lang='lat' dir='ltr'>tamen</span> <span class='ocrx_word' id='word_1_163' title='bbox 317 1206 416 1245; x_wconf 89' lang='lat' dir='ltr'>potuit</span> <span class='ocrx_word' id='word_1_164' title='bbox 431 1215 522 1236; x_wconf 85' lang='lat' dir='ltr'>metus</span> <span class='ocrx_word' id='word_1_165' title='bbox 537 1206 636 1245; x_wconf 83' lang='lat' dir='ltr'>aliqua</span> <span class='ocrx_word' id='word_1_166' title='bbox 659 1207 773 1239; x_wconf 87' lang='lat' dir='ltr'>ratione</span> <span class='ocrx_word' id='word_1_167' title='bbox 787 1210 832 1238; x_wconf 85' lang='lat' dir='ltr'>vi-</span> 
     </span>
     <span class='ocr_line' id='line_1_27' title="bbox 133 1246 832 1288; baseline 0.006 -12"><span class='ocrx_word' id='word_1_168' title='bbox 133 1246 188 1276; x_wconf 81' lang='lat' dir='ltr'>tari</span> <span class='ocrx_word' id='word_1_169' title='bbox 204 1265 215 1278; x_wconf 69' lang='grc'>,</span> <span class='ocrx_word' id='word_1_170' title='bbox 227 1256 285 1276; x_wconf 86' lang='lat' dir='ltr'>non</span> <span class='ocrx_word' id='word_1_171' title='bbox 297 1248 331 1277; x_wconf 81' lang='lat' dir='ltr'>est</span> <span class='ocrx_word' id='word_1_172' title='bbox 343 1248 425 1277; x_wconf 84' lang='lat' dir='ltr'>locus</span> <span class='ocrx_word' id='word_1_173' title='bbox 440 1247 669 1288; x_wconf 81' lang='lat' dir='ltr'>dispensationi.</span> <span class='ocrx_word' id='word_1_174' title='bbox 689 1253 715 1283; x_wconf 75' lang='lat'>§-</span> <span class='ocrx_word' id='word_1_175' title='bbox 728 1252 832 1280; x_wconf 74' lang='lat' dir='ltr'>Verum</span> 
     </span>
     <span class='ocr_line' id='line_1_28' title="bbox 127 1296 284 1326; baseline 0 -9"><span class='ocrx_word' id='word_1_176' title='bbox 127 1296 198 1326; x_wconf 80' lang='lat' dir='ltr'>pag.</span> <span class='ocrx_word' id='word_1_177' title='bbox 216 1296 284 1324; x_wconf 84' lang='lat'>141.</span> 
     </span>
    </p>

    <p class='ocr_par' dir='ltr' id='par_1_13' title="bbox 91 1327 835 1448">
     <span class='ocr_line' id='line_1_29' title="bbox 91 1327 835 1370; baseline 0.008 -15"><span class='ocrx_word' id='word_1_178' title='bbox 91 1327 246 1357; x_wconf 83' lang='lat' dir='ltr'>Oriundns</span> <span class='ocrx_word' id='word_1_179' title='bbox 260 1347 271 1359; x_wconf 88' lang='lat'><em>,</em></span> <span class='ocrx_word' id='word_1_180' title='bbox 295 1330 322 1357; x_wconf 90' lang='lat'>&amp;</span> <span class='ocrx_word' id='word_1_181' title='bbox 335 1328 420 1358; x_wconf 78' lang='lat' dir='ltr'>Civis</span> <span class='ocrx_word' id='word_1_182' title='bbox 448 1329 508 1360; x_wconf 86' lang='lat' dir='ltr'>loci</span> <span class='ocrx_word' id='word_1_183' title='bbox 522 1329 635 1360; x_wconf 87' lang='lat' dir='ltr'>dieitur</span> <span class='ocrx_word' id='word_1_184' title='bbox 651 1349 662 1362; x_wconf 73' lang='lat'><strong><em>³</em></strong></span> <span class='ocrx_word' id='word_1_185' title='bbox 680 1331 732 1370; x_wconf 89' lang='lat' dir='ltr'>qui</span> <span class='ocrx_word' id='word_1_186' title='bbox 747 1331 774 1361; x_wconf 88' lang='lat' dir='ltr'>in</span> <span class='ocrx_word' id='word_1_187' title='bbox 789 1331 835 1361; x_wconf 89' lang='lat' dir='ltr'>lo-</span> 
     </span>
     <span class='ocr_line' id='line_1_30' title="bbox 131 1368 833 1406; baseline 0.004 -8"><span class='ocrx_word' id='word_1_188' title='bbox 131 1380 168 1398; x_wconf 85' lang='lat' dir='ltr'>co</span> <span class='ocrx_word' id='word_1_189' title='bbox 178 1368 310 1399; x_wconf 79' lang='lat' dir='ltr'>nascitur</span> <span class='ocrx_word' id='word_1_190' title='bbox 326 1387 338 1400; x_wconf 72' lang='lat'><strong><em>³</em></strong></span> <span class='ocrx_word' id='word_1_191' title='bbox 362 1369 469 1399; x_wconf 66' lang='lat' dir='ltr'>etiami}</span> <span class='ocrx_word' id='word_1_192' title='bbox 483 1370 833 1406; x_wconf 75' lang='lat' dir='ltr'>accidentaliter.§.8uam</span> 
     </span>
     <span class='ocr_line' id='line_1_31' title="bbox 132 1418 400 1448; baseline 0 -10"><span class='ocrx_word' id='word_1_193' title='bbox 132 1419 236 1448; x_wconf 77' lang='lat' dir='ltr'>quoque</span> <span class='ocrx_word' id='word_1_194' title='bbox 247 1419 314 1448; x_wconf 82' lang='lat' dir='ltr'>pag.</span> <span class='ocrx_word' id='word_1_195' title='bbox 330 1418 400 1446; x_wconf 76' lang='lat'>249.</span> 
     </span>
    </p>

    <p class='ocr_par' dir='ltr' id='par_1_14' title="bbox 132 1450 830 1575">
     <span class='ocr_line' id='line_1_32' title="bbox 175 1450 830 1493; baseline 0.006 -14"><span class='ocrx_word' id='word_1_196' title='bbox 175 1453 212 1480; x_wconf 84' lang='lat' dir='ltr'>Et</span> <span class='ocrx_word' id='word_1_197' title='bbox 224 1452 296 1480; x_wconf 59' lang='lat' dir='ltr'>reete</span> <span class='ocrx_word' id='word_1_198' title='bbox 319 1450 462 1481; x_wconf 85' lang='lat' dir='ltr'>oriundus</span> <span class='ocrx_word' id='word_1_199' title='bbox 481 1451 605 1490; x_wconf 84' lang='lat' dir='ltr'>alicujus</span> <span class='ocrx_word' id='word_1_200' title='bbox 628 1452 688 1483; x_wconf 87' lang='lat' dir='ltr'>loci</span> <span class='ocrx_word' id='word_1_201' title='bbox 701 1454 830 1493; x_wconf 84' lang='lat' dir='ltr'>appella-</span> 
     </span>
     <span class='ocr_line' id='line_1_33' title="bbox 132 1491 829 1529; baseline 0.009 -11"><span class='ocrx_word' id='word_1_202' title='bbox 132 1498 180 1519; x_wconf 85' lang='lat' dir='ltr'>tur</span> <span class='ocrx_word' id='word_1_203' title='bbox 194 1509 204 1522; x_wconf 90' lang='lat'><em>,</em></span> <span class='ocrx_word' id='word_1_204' title='bbox 226 1491 279 1529; x_wconf 91' lang='lat' dir='ltr'>qui</span> <span class='ocrx_word' id='word_1_205' title='bbox 303 1491 373 1520; x_wconf 89' lang='lat' dir='ltr'>alibi</span> <span class='ocrx_word' id='word_1_206' title='bbox 398 1502 479 1522; x_wconf 81' lang='lat' dir='ltr'>natus</span> <span class='ocrx_word' id='word_1_207' title='bbox 495 1496 550 1524; x_wconf 82' lang='lat' dir='ltr'>cst,</span> <span class='ocrx_word' id='word_1_208' title='bbox 573 1503 609 1523; x_wconf 84' lang='lat' dir='ltr'>ex</span> <span class='ocrx_word' id='word_1_209' title='bbox 632 1496 716 1524; x_wconf 86' lang='lat' dir='ltr'>Patre</span> <span class='ocrx_word' id='word_1_210' title='bbox 736 1504 829 1524; x_wconf 85' lang='lat' dir='ltr'>tamen</span> 
     </span>
     <span class='ocr_line' id='line_1_34' title="bbox 135 1531 768 1575; baseline 0.006 -14"><span class='ocrx_word' id='word_1_211' title='bbox 135 1531 210 1561; x_wconf 77' lang='lat' dir='ltr'>Cive</span> <span class='ocrx_word' id='word_1_212' title='bbox 223 1532 305 1562; x_wconf 79' lang='lat' dir='ltr'>iuius</span> <span class='ocrx_word' id='word_1_213' title='bbox 322 1531 404 1562; x_wconf 85' lang='lat' dir='ltr'>loci.</span> <span class='ocrx_word' id='word_1_214' title='bbox 431 1535 456 1566; x_wconf 70' lang='lat'>§.</span> <span class='ocrx_word' id='word_1_215' title='bbox 470 1537 693 1575; x_wconf 77' lang='lat' dir='ltr'>Nccputatpag.</span> <span class='ocrx_word' id='word_1_216' title='bbox 706 1544 768 1571; x_wconf 84' lang='lat'>151.</span> 
     </span>
    </p>
   </div>
   <div class='ocr_carea' id='block_1_5' title="bbox 434 1622 488 1684">
    <p class='ocr_par' dir='ltr' id='par_1_15' title="bbox 434 1622 488 1684">
     <span class='ocr_line' id='line_1_35' title="bbox 434 1622 488 1684; baseline 0 0"><span class='ocrx_word' id='word_1_217' title='bbox 434 1622 488 1684; x_wconf 89' lang='lat' dir='ltr'>P</span> 
     </span>
    </p>
   </div>
   <div class='ocr_carea' id='block_1_6' title="bbox 89 1733 836 2743">
    <p class='ocr_par' dir='ltr' id='par_1_16' title="bbox 92 1733 833 1804">
     <span class='ocr_line' id='line_1_36' title="bbox 92 1733 833 1804; baseline -0.003 -40"><span class='ocrx_word' id='word_1_218' title='bbox 92 1739 147 1804; x_wconf 83' lang='lat' dir='ltr'>P</span> <span class='ocrx_word' id='word_1_219' title='bbox 160 1733 303 1764; x_wconf 72' lang='lat' dir='ltr'>Arentelae</span> <span class='ocrx_word' id='word_1_220' title='bbox 324 1733 499 1763; x_wconf 86' lang='lat' dir='ltr'>vocabulum</span> <span class='ocrx_word' id='word_1_221' title='bbox 524 1744 619 1763; x_wconf 83' lang='lat' dir='ltr'>omnes</span> <span class='ocrx_word' id='word_1_222' title='bbox 650 1735 833 1772; x_wconf 77' lang='lat' dir='ltr'>comprehen-</span> 
     </span>
    </p>

    <p class='ocr_par' dir='ltr' id='par_1_17' title="bbox 124 1773 836 1855">
     <span class='ocr_line' id='line_1_37' title="bbox 172 1773 836 1814; baseline 0.003 -12"><span class='ocrx_word' id='word_1_223' title='bbox 172 1773 215 1802; x_wconf 90' lang='lat' dir='ltr'>dit</span> <span class='ocrx_word' id='word_1_224' title='bbox 231 1784 266 1802; x_wconf 80' lang='lat' dir='ltr'>ex</span> <span class='ocrx_word' id='word_1_225' title='bbox 279 1782 406 1813; x_wconf 86' lang='lat' dir='ltr'>utroque</span> <span class='ocrx_word' id='word_1_226' title='bbox 418 1775 508 1804; x_wconf 87' lang='lat' dir='ltr'>latere</span> <span class='ocrx_word' id='word_1_227' title='bbox 520 1783 659 1814; x_wconf 81' lang='lat' dir='ltr'>cognatos</span> <span class='ocrx_word' id='word_1_228' title='bbox 671 1795 679 1803; x_wconf 86' lang='lat'><strong>.</strong></span> <span class='ocrx_word' id='word_1_229' title='bbox 707 1778 836 1808; x_wconf 73' lang='lat' dir='ltr'>§.Verum</span> 
     </span>
     <span class='ocr_line' id='line_1_38' title="bbox 124 1822 278 1855; baseline -0.013 0"><span class='ocrx_word' id='word_1_230' title='bbox 124 1825 194 1855; x_wconf 60' lang='lat' dir='ltr'><em>Pag-</em></span> <span class='ocrx_word' id='word_1_231' title='bbox 209 1822 278 1849; x_wconf 72' lang='lat'>²550</span> 
     </span>
    </p>

    <p class='ocr_par' dir='ltr' id='par_1_18' title="bbox 132 1854 831 1966">
     <span class='ocr_line' id='line_1_39' title="bbox 172 1854 831 1894; baseline 0.003 -10"><span class='ocrx_word' id='word_1_232' title='bbox 172 1859 209 1884; x_wconf 67' lang='lat' dir='ltr'>Ec</span> <span class='ocrx_word' id='word_1_233' title='bbox 233 1854 450 1894; x_wconf 74' lang='lat' dir='ltr'>comprehendit</span> <span class='ocrx_word' id='word_1_234' title='bbox 472 1865 570 1885; x_wconf 89' lang='lat' dir='ltr'>omnes</span> <span class='ocrx_word' id='word_1_235' title='bbox 593 1874 604 1887; x_wconf 68' lang='lat'><strong><em>³</em></strong></span> <span class='ocrx_word' id='word_1_236' title='bbox 629 1856 682 1894; x_wconf 89' lang='lat' dir='ltr'>qui</span> <span class='ocrx_word' id='word_1_237' title='bbox 708 1855 831 1886; x_wconf 88' lang='lat' dir='ltr'>termino</span> 
     </span>
     <span class='ocr_line' id='line_1_40' title="bbox 138 1895 831 1936; baseline -0.001 -9"><span class='ocrx_word' id='word_1_238' title='bbox 138 1895 297 1927; x_wconf 81' lang='lat' dir='ltr'>enunciato</span> <span class='ocrx_word' id='word_1_239' title='bbox 320 1899 481 1935; x_wconf 85' lang='lat' dir='ltr'>junguntur</span> <span class='ocrx_word' id='word_1_240' title='bbox 503 1897 605 1936; x_wconf 83' lang='lat' dir='ltr'>aliquo</span> <span class='ocrx_word' id='word_1_241' title='bbox 625 1896 712 1926; x_wconf 87' lang='lat' dir='ltr'>modo</span> <span class='ocrx_word' id='word_1_242' title='bbox 737 1918 746 1926; x_wconf 87' lang='lat'><strong>.</strong></span> <span class='ocrx_word' id='word_1_243' title='bbox 777 1896 831 1926; x_wconf 79' lang='lat' dir='ltr'>ibi-</span> 
     </span>
     <span class='ocr_line' id='line_1_41' title="bbox 132 1938 221 1966; baseline 0 0"><span class='ocrx_word' id='word_1_244' title='bbox 132 1938 196 1966; x_wconf 68' lang='lat' dir='ltr'>dem</span> <span class='ocrx_word' id='word_1_245' title='bbox 210 1955 221 1966; x_wconf 75' lang='grc' dir='ltr'><strong><em>ο</em></strong></span> 
     </span>
    </p>

    <p class='ocr_par' dir='ltr' id='par_1_19' title="bbox 89 1977 826 2099">
     <span class='ocr_line' id='line_1_42' title="bbox 89 1977 826 2019; baseline -0.003 -10"><span class='ocrx_word' id='word_1_246' title='bbox 89 1977 234 2011; x_wconf 83' lang='lat' dir='ltr'>Paroehia</span> <span class='ocrx_word' id='word_1_247' title='bbox 244 1977 314 2007; x_wconf 87' lang='lat' dir='ltr'>licet</span> <span class='ocrx_word' id='word_1_248' title='bbox 324 1977 461 2008; x_wconf 73' lang='lat' dir='ltr'>constitui</span> <span class='ocrx_word' id='word_1_249' title='bbox 472 1988 593 2019; x_wconf 82' lang='lat' dir='ltr'>nequeat</span> <span class='ocrx_word' id='word_1_250' title='bbox 607 1978 661 2007; x_wconf 78' lang='lat' dir='ltr'>fine</span> <span class='ocrx_word' id='word_1_251' title='bbox 674 1978 772 2007; x_wconf 79' lang='lat' dir='ltr'>decem</span> <span class='ocrx_word' id='word_1_252' title='bbox 782 1977 826 2008; x_wconf 75' lang='lat' dir='ltr'>fa&lt;</span> 
     </span>
     <span class='ocr_line' id='line_1_43' title="bbox 132 2018 825 2057; baseline 0.003 -9"><span class='ocrx_word' id='word_1_253' title='bbox 132 2020 218 2048; x_wconf 77' lang='lat' dir='ltr'>miliis</span> <span class='ocrx_word' id='word_1_254' title='bbox 232 2036 243 2050; x_wconf 92' lang='lat'>‚</span> <span class='ocrx_word' id='word_1_255' title='bbox 257 2020 346 2057; x_wconf 83' lang='lat' dir='ltr'>potest</span> <span class='ocrx_word' id='word_1_256' title='bbox 355 2027 447 2048; x_wconf 86' lang='lat' dir='ltr'>tamen</span> <span class='ocrx_word' id='word_1_257' title='bbox 458 2019 564 2049; x_wconf 77' lang='lat' dir='ltr'>minori</span> <span class='ocrx_word' id='word_1_258' title='bbox 576 2029 694 2050; x_wconf 79' lang='lat' dir='ltr'>nurnero</span> <span class='ocrx_word' id='word_1_259' title='bbox 710 2018 825 2050; x_wconf 82' lang='lat' dir='ltr'>conser-</span> 
     </span>
     <span class='ocr_line' id='line_1_44' title="bbox 130 2058 606 2099; baseline -0.004 -9"><span class='ocrx_word' id='word_1_260' title='bbox 130 2060 191 2090; x_wconf 82' lang='lat' dir='ltr'>vari</span> <span class='ocrx_word' id='word_1_261' title='bbox 205 2079 214 2088; x_wconf 89' lang='lat'><strong>.</strong></span> <span class='ocrx_word' id='word_1_262' title='bbox 238 2061 311 2092; x_wconf 70' lang='lat' dir='ltr'>§.Et</span> <span class='ocrx_word' id='word_1_263' title='bbox 326 2058 524 2099; x_wconf 72' lang='lat' dir='ltr'>disputatpag.</span> <span class='ocrx_word' id='word_1_264' title='bbox 536 2072 606 2091; x_wconf 72' lang='lat'>220.</span> 
     </span>
    </p>

    <p class='ocr_par' dir='ltr' id='par_1_20' title="bbox 93 2100 828 2221">
     <span class='ocr_line' id='line_1_45' title="bbox 93 2100 828 2140; baseline -0.003 -8"><span class='ocrx_word' id='word_1_265' title='bbox 93 2100 294 2134; x_wconf 81' lang='lat' dir='ltr'>Patochialem</span> <span class='ocrx_word' id='word_1_266' title='bbox 304 2100 450 2140; x_wconf 79' lang='lat' dir='ltr'>propriam</span> <span class='ocrx_word' id='word_1_267' title='bbox 463 2101 541 2130; x_wconf 88' lang='lat' dir='ltr'>adire</span> <span class='ocrx_word' id='word_1_268' title='bbox 556 2100 682 2139; x_wconf 85' lang='lat' dir='ltr'>Populus</span> <span class='ocrx_word' id='word_1_269' title='bbox 706 2111 828 2130; x_wconf 86' lang='lat' dir='ltr'>monen-</span> 
     </span>
     <span class='ocr_line' id='line_1_46' title="bbox 134 2141 826 2173; baseline 0.001 -2"><span class='ocrx_word' id='word_1_270' title='bbox 134 2142 186 2172; x_wconf 82' lang='lat' dir='ltr'>dus</span> <span class='ocrx_word' id='word_1_271' title='bbox 207 2143 263 2173; x_wconf 83' lang='lat' dir='ltr'>est,</span> <span class='ocrx_word' id='word_1_272' title='bbox 286 2152 343 2170; x_wconf 91' lang='lat' dir='ltr'>non</span> <span class='ocrx_word' id='word_1_273' title='bbox 365 2149 461 2170; x_wconf 87' lang='lat' dir='ltr'>autem</span> <span class='ocrx_word' id='word_1_274' title='bbox 483 2142 640 2171; x_wconf 84' lang='lat' dir='ltr'>mittendus</span> <span class='ocrx_word' id='word_1_275' title='bbox 662 2141 697 2172; x_wconf 89' lang='lat' dir='ltr'>ad</span> <span class='ocrx_word' id='word_1_276' title='bbox 717 2141 826 2172; x_wconf 78' lang='lat' dir='ltr'>alienas</span> 
     </span>
     <span class='ocr_line' id='line_1_47' title="bbox 132 2182 694 2221; baseline 0.002 -11"><span class='ocrx_word' id='word_1_277' title='bbox 132 2182 290 2214; x_wconf 75' lang='lat' dir='ltr'>Parochias</span> <span class='ocrx_word' id='word_1_278' title='bbox 303 2202 311 2211; x_wconf 89' lang='lat'><strong>.</strong></span> <span class='ocrx_word' id='word_1_279' title='bbox 333 2185 360 2214; x_wconf 70' lang='lat'>§-</span> <span class='ocrx_word' id='word_1_280' title='bbox 372 2184 477 2212; x_wconf 85' lang='lat' dir='ltr'>Contra</span> <span class='ocrx_word' id='word_1_281' title='bbox 488 2193 552 2212; x_wconf 82' lang='lat' dir='ltr'>vero</span> <span class='ocrx_word' id='word_1_282' title='bbox 560 2192 631 2221; x_wconf 79' lang='lat' dir='ltr'>pag.</span> <span class='ocrx_word' id='word_1_283' title='bbox 641 2192 676 2220; x_wconf 80' lang='lat'>43</span> <span class='ocrx_word' id='word_1_284' title='bbox 688 2205 694 2211; x_wconf 96' lang='lat'>.</span> 
     </span>
    </p>

    <p class='ocr_par' dir='ltr' id='par_1_21' title="bbox 93 2222 830 2386">
     <span class='ocr_line' id='line_1_48' title="bbox 93 2222 828 2262; baseline 0 -9"><span class='ocrx_word' id='word_1_285' title='bbox 93 2222 290 2255; x_wconf 82' lang='lat' dir='ltr'>Parochialem</span> <span class='ocrx_word' id='word_1_286' title='bbox 303 2223 456 2254; x_wconf 81' lang='lat' dir='ltr'>restaurare</span> <span class='ocrx_word' id='word_1_287' title='bbox 471 2223 592 2262; x_wconf 82' lang='lat' dir='ltr'>cogendi</span> <span class='ocrx_word' id='word_1_288' title='bbox 606 2223 670 2253; x_wconf 83' lang='lat' dir='ltr'>sunt</span> <span class='ocrx_word' id='word_1_289' title='bbox 684 2242 694 2255; x_wconf 87' lang='lat'>‚</span> <span class='ocrx_word' id='word_1_290' title='bbox 719 2223 773 2262; x_wconf 81' lang='lat' dir='ltr'>qui</span> <span class='ocrx_word' id='word_1_291' title='bbox 787 2232 828 2253; x_wconf 83' lang='lat' dir='ltr'>te-</span> 
     </span>
     <span class='ocr_line' id='line_1_49' title="bbox 135 2262 829 2303; baseline 0.003 -11"><span class='ocrx_word' id='word_1_292' title='bbox 135 2273 236 2294; x_wconf 80' lang='lat' dir='ltr'>nentur</span> <span class='ocrx_word' id='word_1_293' title='bbox 257 2264 386 2302; x_wconf 82' lang='lat' dir='ltr'>dejure,</span> <span class='ocrx_word' id='word_1_294' title='bbox 410 2262 581 2303; x_wconf 79' lang='lat' dir='ltr'>priusquam</span> <span class='ocrx_word' id='word_1_295' title='bbox 600 2265 650 2294; x_wconf 81' lang='lat' dir='ltr'>fiat</span> <span class='ocrx_word' id='word_1_296' title='bbox 673 2263 829 2294; x_wconf 78' lang='lat' dir='ltr'>translatio</span> 
     </span>
     <span class='ocr_line' id='line_1_50' title="bbox 133 2304 830 2346; baseline 0.003 -11"><span class='ocrx_word' id='word_1_297' title='bbox 133 2314 251 2346; x_wconf 84' lang='lat' dir='ltr'>propter</span> <span class='ocrx_word' id='word_1_298' title='bbox 266 2304 347 2335; x_wconf 80' lang='lat' dir='ltr'>illius</span> <span class='ocrx_word' id='word_1_299' title='bbox 368 2304 480 2334; x_wconf 82' lang='lat' dir='ltr'>ruinam</span> <span class='ocrx_word' id='word_1_300' title='bbox 497 2325 504 2334; x_wconf 92' lang='lat'>.</span> <span class='ocrx_word' id='word_1_301' title='bbox 527 2308 553 2338; x_wconf 73' lang='lat'>§-</span> <span class='ocrx_word' id='word_1_302' title='bbox 575 2307 678 2335; x_wconf 80' lang='lat' dir='ltr'>Contra</span> <span class='ocrx_word' id='word_1_303' title='bbox 698 2316 761 2335; x_wconf 71' lang='lat' dir='ltr'>vero</span> <span class='ocrx_word' id='word_1_304' title='bbox 774 2313 830 2345; x_wconf 80' lang='lat' dir='ltr'>pa·-</span> 
     </span>
     <span class='ocr_line' id='line_1_51' title="bbox 134 2346 258 2386; baseline 0.016 -12"><span class='ocrx_word' id='word_1_305' title='bbox 134 2346 196 2386; x_wconf 81' lang='lat' dir='ltr'>gin.</span> <span class='ocrx_word' id='word_1_306' title='bbox 209 2356 258 2383; x_wconf 80' lang='lat'>43.</span> 
     </span>
    </p>

    <p class='ocr_par' dir='ltr' id='par_1_22' title="bbox 94 2386 831 2472">
     <span class='ocr_line' id='line_1_52' title="bbox 94 2386 831 2427; baseline -0.001 -9"><span class='ocrx_word' id='word_1_307' title='bbox 94 2387 271 2418; x_wconf 77' lang='lat' dir='ltr'>Parocliialis</span> <span class='ocrx_word' id='word_1_308' title='bbox 284 2388 355 2416; x_wconf 89' lang='lat' dir='ltr'>unio</span> <span class='ocrx_word' id='word_1_309' title='bbox 370 2397 405 2416; x_wconf 86' lang='lat' dir='ltr'>an</span> <span class='ocrx_word' id='word_1_310' title='bbox 418 2386 481 2417; x_wconf 79' lang='lat' dir='ltr'>fieri</span> <span class='ocrx_word' id='word_1_311' title='bbox 498 2386 580 2427; x_wconf 84' lang='lat' dir='ltr'>possit</span> <span class='ocrx_word' id='word_1_312' title='bbox 602 2386 700 2417; x_wconf 74' lang='lat' dir='ltr'>favore</span> <span class='ocrx_word' id='word_1_313' title='bbox 723 2386 831 2417; x_wconf 78' lang='lat' dir='ltr'>Colle-</span> 
     </span>
     <span class='ocr_line' id='line_1_53' title="bbox 136 2427 741 2472; baseline 0 -16"><span class='ocrx_word' id='word_1_314' title='bbox 136 2427 178 2468; x_wconf 77' lang='lat' dir='ltr'>gii</span> <span class='ocrx_word' id='word_1_315' title='bbox 189 2428 360 2457; x_wconf 78' lang='lat' dir='ltr'>Musicnrum</span> <span class='ocrx_word' id='word_1_316' title='bbox 374 2431 384 2455; x_wconf 89' lang='lat'>?</span> <span class='ocrx_word' id='word_1_317' title='bbox 410 2431 435 2461; x_wconf 58' lang='grc' dir='ltr'>ᾗ.</span> <span class='ocrx_word' id='word_1_318' title='bbox 452 2428 678 2472; x_wconf 73' lang='lat' dir='ltr'>Reliquumpag.</span> <span class='ocrx_word' id='word_1_319' title='bbox 693 2436 741 2463; x_wconf 83' lang='lat'>57.</span> 
     </span>
    </p>

    <p class='ocr_par' dir='ltr' id='par_1_23' title="bbox 95 2468 832 2629">
     <span class='ocr_line' id='line_1_54' title="bbox 95 2468 832 2508; baseline -0.001 -9"><span class='ocrx_word' id='word_1_320' title='bbox 95 2468 277 2499; x_wconf 84' lang='lat' dir='ltr'>Parochialis</span> <span class='ocrx_word' id='word_1_321' title='bbox 289 2468 500 2497; x_wconf 79' lang='lat' dir='ltr'>dismembratio</span> <span class='ocrx_word' id='word_1_322' title='bbox 513 2479 570 2498; x_wconf 90' lang='lat' dir='ltr'>non</span> <span class='ocrx_word' id='word_1_323' title='bbox 585 2468 765 2506; x_wconf 69' lang='lat' dir='ltr'>proeiumimr</span> <span class='ocrx_word' id='word_1_324' title='bbox 782 2476 832 2508; x_wconf 84' lang='lat' dir='ltr'>pet</span> 
     </span>
     <span class='ocr_line' id='line_1_55' title="bbox 136 2507 831 2548; baseline -0.001 -12"><span class='ocrx_word' id='word_1_325' title='bbox 136 2507 306 2538; x_wconf 69' lang='lat' dir='ltr'>crestionem</span> <span class='ocrx_word' id='word_1_326' title='bbox 321 2509 408 2538; x_wconf 76' lang='lat' dir='ltr'>[ontis</span> <span class='ocrx_word' id='word_1_327' title='bbox 424 2508 601 2548; x_wconf 77' lang='lat' dir='ltr'>Baptismalis</span> <span class='ocrx_word' id='word_1_328' title='bbox 614 2510 644 2539; x_wconf 82' lang='lat' dir='ltr'>iu</span> <span class='ocrx_word' id='word_1_329' title='bbox 656 2509 714 2538; x_wconf 82' lang='lat' dir='ltr'>alia</span> <span class='ocrx_word' id='word_1_330' title='bbox 728 2509 831 2539; x_wconf 77' lang='lat' dir='ltr'>Eccle-</span> 
     </span>
     <span class='ocr_line' id='line_1_56' title="bbox 134 2549 830 2589; baseline 0.001 -11"><span class='ocrx_word' id='word_1_331' title='bbox 134 2551 172 2578; x_wconf 80' lang='lat' dir='ltr'>sia</span> <span class='ocrx_word' id='word_1_332' title='bbox 194 2549 405 2579; x_wconf 83' lang='lat' dir='ltr'>commoditatis</span> <span class='ocrx_word' id='word_1_333' title='bbox 427 2549 510 2580; x_wconf 85' lang='lat' dir='ltr'>causa</span> <span class='ocrx_word' id='word_1_334' title='bbox 524 2571 531 2579; x_wconf 90' lang='lat'><strong>.</strong></span> <span class='ocrx_word' id='word_1_335' title='bbox 555 2553 582 2583; x_wconf 69' lang='lat'>9.</span> <span class='ocrx_word' id='word_1_336' title='bbox 594 2553 656 2580; x_wconf 64' lang='lat' dir='ltr'>Hac</span> <span class='ocrx_word' id='word_1_337' title='bbox 666 2557 762 2580; x_wconf 79' lang='lat' dir='ltr'>autem</span> <span class='ocrx_word' id='word_1_338' title='bbox 775 2558 830 2589; x_wconf 79' lang='lat' dir='ltr'>pa-</span> 
     </span>
     <span class='ocr_line' id='line_1_57' title="bbox 129 2588 261 2629; baseline 0 -13"><span class='ocrx_word' id='word_1_339' title='bbox 129 2588 196 2629; x_wconf 82' lang='lat' dir='ltr'>gin.</span> <span class='ocrx_word' id='word_1_340' title='bbox 209 2599 261 2622; x_wconf 86' lang='lat'>99.</span> 
     </span>
    </p>

    <p class='ocr_par' dir='ltr' id='par_1_24' title="bbox 133 2630 831 2743">
     <span class='ocr_line' id='line_1_58' title="bbox 178 2630 831 2670; baseline 0.003 -12"><span class='ocrx_word' id='word_1_341' title='bbox 178 2631 215 2658; x_wconf 84' lang='lat' dir='ltr'>Et</span> <span class='ocrx_word' id='word_1_342' title='bbox 247 2630 439 2670; x_wconf 80' lang='lat' dir='ltr'>Cappellanus</span> <span class='ocrx_word' id='word_1_343' title='bbox 461 2630 489 2659; x_wconf 84' lang='lat' dir='ltr'>in</span> <span class='ocrx_word' id='word_1_344' title='bbox 511 2641 543 2661; x_wconf 79' lang='lat' dir='ltr'>ea</span> <span class='ocrx_word' id='word_1_345' title='bbox 574 2641 710 2662; x_wconf 83' lang='lat' dir='ltr'>exercens</span> <span class='ocrx_word' id='word_1_346' title='bbox 732 2640 831 2660; x_wconf 80' lang='lat' dir='ltr'>curam</span> 
     </span>
     <span class='ocr_line' id='line_1_59' title="bbox 133 2669 829 2708; baseline 0.004 -9"><span class='ocrx_word' id='word_1_347' title='bbox 133 2669 290 2699; x_wconf 85' lang='lat' dir='ltr'>animarum</span> <span class='ocrx_word' id='word_1_348' title='bbox 303 2670 329 2698; x_wconf 81' lang='lat' dir='ltr'>in</span> <span class='ocrx_word' id='word_1_349' title='bbox 341 2671 555 2708; x_wconf 79' lang='lat' dir='ltr'>coadjutorium</span> <span class='ocrx_word' id='word_1_350' title='bbox 567 2671 690 2702; x_wconf 84' lang='lat' dir='ltr'>Parochi</span> <span class='ocrx_word' id='word_1_351' title='bbox 701 2688 713 2703; x_wconf 65' lang='lat'>⁸</span> <span class='ocrx_word' id='word_1_352' title='bbox 734 2669 829 2702; x_wconf 85' lang='lat' dir='ltr'>cense-</span> 
     </span>
     <span class='ocr_line' id='line_1_60' title="bbox 133 2710 688 2743; baseline 0.002 -2"><span class='ocrx_word' id='word_1_353' title='bbox 133 2719 182 2741; x_wconf 66' lang='lat' dir='ltr'>tur</span> <span class='ocrx_word' id='word_1_354' title='bbox 196 2710 359 2741; x_wconf 72' lang='lat' dir='ltr'>amovibilis</span> <span class='ocrx_word' id='word_1_355' title='bbox 373 2711 410 2742; x_wconf 83' lang='lat' dir='ltr'>ad</span> <span class='ocrx_word' id='word_1_356' title='bbox 421 2719 523 2743; x_wconf 78' lang='lat' dir='ltr'>nutum</span> <span class='ocrx_word' id='word_1_357' title='bbox 535 2734 544 2743; x_wconf 84' lang='lat'><strong>.</strong></span> <span class='ocrx_word' id='word_1_358' title='bbox 565 2712 666 2743; x_wconf 69' lang='lat' dir='ltr'>ibidem</span> <span class='ocrx_word' id='word_1_359' title='bbox 678 2732 688 2742; x_wconf 86' lang='lat'><strong>.</strong></span> 
     </span>
    </p>
   </div>
   <div class='ocr_carea' id='block_1_7' title="bbox 872 305 1618 2747">
    <p class='ocr_par' dir='ltr' id='par_1_25' title="bbox 922 305 1046 333">
     <span class='ocr_line' id='line_1_61' title="bbox 922 305 1046 333; baseline -0.016 0"><span class='ocrx_word' id='word_1_360' title='bbox 922 305 1025 333; x_wconf 79' lang='lat' dir='ltr'>ibidem</span> <span class='ocrx_word' id='word_1_361' title='bbox 1038 324 1046 332; x_wconf 89' lang='lat'><strong><em>.</em></strong></span> 
     </span>
    </p>

    <p class='ocr_par' dir='ltr' id='par_1_26' title="bbox 960 343 1612 387">
     <span class='ocr_line' id='line_1_62' title="bbox 960 343 1612 387; baseline 0.008 -15"><span class='ocrx_word' id='word_1_362' title='bbox 960 343 1117 376; x_wconf 67' lang='lat' dir='ltr'>Prsescrtim</span> <span class='ocrx_word' id='word_1_363' title='bbox 1138 345 1203 374; x_wconf 76' lang='lat' dir='ltr'>duni</span> <span class='ocrx_word' id='word_1_364' title='bbox 1230 356 1287 375; x_wconf 89' lang='lat' dir='ltr'>non</span> <span class='ocrx_word' id='word_1_365' title='bbox 1309 348 1414 377; x_wconf 77' lang='lat' dir='ltr'>constat</span> <span class='ocrx_word' id='word_1_366' title='bbox 1435 348 1468 377; x_wconf 86' lang='lat' dir='ltr'>de</span> <span class='ocrx_word' id='word_1_367' title='bbox 1482 348 1612 387; x_wconf 75' lang='lat' dir='ltr'>seqnntis·</span> 
     </span>
    </p>

    <p class='ocr_par' dir='ltr' id='par_1_27' title="bbox 917 385 1615 460">
     <span class='ocr_line' id='line_1_63' title="bbox 917 385 1615 430; baseline 0.004 -14"><span class='ocrx_word' id='word_1_368' title='bbox 917 385 1127 416; x_wconf 75' lang='lat' dir='ltr'>collationibus</span> <span class='ocrx_word' id='word_1_369' title='bbox 1145 386 1173 415; x_wconf 91' lang='lat' dir='ltr'>in</span> <span class='ocrx_word' id='word_1_370' title='bbox 1187 387 1306 416; x_wconf 86' lang='lat' dir='ltr'>titulum</span> <span class='ocrx_word' id='word_1_371' title='bbox 1319 407 1326 416; x_wconf 94' lang='lat'>.</span> <span class='ocrx_word' id='word_1_372' title='bbox 1349 390 1376 420; x_wconf 58' lang='grc' dir='ltr'>ὁ.</span> <span class='ocrx_word' id='word_1_373' title='bbox 1387 390 1424 417; x_wconf 78' lang='lat' dir='ltr'>Er</span> <span class='ocrx_word' id='word_1_374' title='bbox 1435 392 1550 419; x_wconf 76' lang='lat' dir='ltr'>eandem</span> <span class='ocrx_word' id='word_1_375' title='bbox 1561 400 1615 430; x_wconf 75' lang='lat' dir='ltr'>pa·</span> 
     </span>
     <span class='ocr_line' id='line_1_64' title="bbox 935 437 1042 460; baseline -0.009 -5"><span class='ocrx_word' id='word_1_376' title='bbox 935 439 975 456; x_wconf 87' lang='lat' dir='ltr'>m.</span> <span class='ocrx_word' id='word_1_377' title='bbox 992 437 1042 460; x_wconf 74' lang='lat'>95.</span> 
     </span>
    </p>

    <p class='ocr_par' dir='ltr' id='par_1_28' title="bbox 913 439 1613 539">
     <span class='ocr_line' id='line_1_65' title="bbox 913 439 1613 510; baseline -0.006 -13"><span class='ocrx_word' id='word_1_378' title='bbox 913 439 932 467; x_wconf 69' lang='lat' dir='ltr'><em>g</em></span> <span class='ocrx_word' id='word_1_379' title='bbox 958 471 994 497; x_wconf 82' lang='lat' dir='ltr'>Et</span> <span class='ocrx_word' id='word_1_380' title='bbox 1007 467 1113 496; x_wconf 85' lang='lat' dir='ltr'>durnin</span> <span class='ocrx_word' id='word_1_381' title='bbox 1128 468 1317 507; x_wconf 83' lang='lat' dir='ltr'>deputatione</span> <span class='ocrx_word' id='word_1_382' title='bbox 1331 469 1502 510; x_wconf 85' lang='lat' dir='ltr'>Cappellani</span> <span class='ocrx_word' id='word_1_383' title='bbox 1526 481 1613 502; x_wconf 78' lang='lat' dir='ltr'>cnun-</span> 
     </span>
     <span class='ocr_line' id='line_1_66' title="bbox 918 508 1392 539; baseline 0.004 -2"><span class='ocrx_word' id='word_1_384' title='bbox 918 508 1012 538; x_wconf 87' lang='lat' dir='ltr'>ciatur</span> <span class='ocrx_word' id='word_1_385' title='bbox 1029 508 1222 538; x_wconf 77' lang='lat' dir='ltr'>arnovibilitas</span> <span class='ocrx_word' id='word_1_386' title='bbox 1239 530 1247 538; x_wconf 91' lang='lat'>.</span> <span class='ocrx_word' id='word_1_387' title='bbox 1270 509 1392 539; x_wconf 75' lang='lat' dir='ltr'>ibidem.</span> 
     </span>
    </p>

    <p class='ocr_par' dir='ltr' id='par_1_29' title="bbox 910 547 1615 670">
     <span class='ocr_line' id='line_1_67' title="bbox 957 547 1608 592; baseline 0.005 -15"><span class='ocrx_word' id='word_1_388' title='bbox 957 552 1027 588; x_wconf 85' lang='lat' dir='ltr'>Qo</span> <span class='ocrx_word' id='word_1_389' title='bbox 1041 547 1103 578; x_wconf 82' lang='lat' dir='ltr'>casu</span> <span class='ocrx_word' id='word_1_390' title='bbox 1114 551 1224 579; x_wconf 84' lang='lat' dir='ltr'>amotio</span> <span class='ocrx_word' id='word_1_391' title='bbox 1246 550 1306 580; x_wconf 84' lang='lat' dir='ltr'>fieri</span> <span class='ocrx_word' id='word_1_392' title='bbox 1319 553 1405 589; x_wconf 79' lang='lat' dir='ltr'>potest</span> <span class='ocrx_word' id='word_1_393' title='bbox 1424 563 1459 581; x_wconf 86' lang='lat' dir='ltr'>ex</span> <span class='ocrx_word' id='word_1_394' title='bbox 1469 562 1608 592; x_wconf 82' lang='lat' dir='ltr'>quacum-</span> 
     </span>
     <span class='ocr_line' id='line_1_68' title="bbox 910 590 1615 630; baseline 0.004 -11"><span class='ocrx_word' id='word_1_395' title='bbox 910 590 1037 630; x_wconf 85' lang='lat' dir='ltr'>quelevi</span> <span class='ocrx_word' id='word_1_396' title='bbox 1050 593 1155 622; x_wconf 78' lang='lat' dir='ltr'>caula,</span> <span class='ocrx_word' id='word_1_397' title='bbox 1179 590 1298 622; x_wconf 76' lang='lat' dir='ltr'>cellante</span> <span class='ocrx_word' id='word_1_398' title='bbox 1318 591 1389 622; x_wconf 90' lang='lat' dir='ltr'>odio</span> <span class='ocrx_word' id='word_1_399' title='bbox 1402 612 1413 625; x_wconf 88' lang='lat'><em>,</em></span> <span class='ocrx_word' id='word_1_400' title='bbox 1435 595 1462 621; x_wconf 88' lang='lat'>&amp;</span> <span class='ocrx_word' id='word_1_401' title='bbox 1488 593 1615 623; x_wconf 82' lang='lat' dir='ltr'>dedeco-</span> 
     </span>
     <span class='ocr_line' id='line_1_69' title="bbox 914 630 1294 670; baseline 0.003 -9"><span class='ocrx_word' id='word_1_402' title='bbox 914 642 942 661; x_wconf 81' lang='lat' dir='ltr'>re</span> <span class='ocrx_word' id='word_1_403' title='bbox 955 630 1127 670; x_wconf 82' lang='lat' dir='ltr'>Cappcllani</span> <span class='ocrx_word' id='word_1_404' title='bbox 1143 652 1150 660; x_wconf 89' lang='lat'><strong>.</strong></span> <span class='ocrx_word' id='word_1_405' title='bbox 1174 632 1272 661; x_wconf 68' lang='lat' dir='ltr'>ibidem</span> <span class='ocrx_word' id='word_1_406' title='bbox 1289 655 1294 662; x_wconf 93' lang='lat'><em>.</em></span> 
     </span>
    </p>

    <p class='ocr_par' dir='ltr' id='par_1_30' title="bbox 911 671 1613 795">
     <span class='ocr_line' id='line_1_70' title="bbox 947 671 1613 713; baseline 0.003 -12"><span class='ocrx_word' id='word_1_407' title='bbox 947 675 984 701; x_wconf 82' lang='lat' dir='ltr'>Et</span> <span class='ocrx_word' id='word_1_408' title='bbox 996 671 1162 708; x_wconf 85' lang='lat' dir='ltr'>hujusmodi</span> <span class='ocrx_word' id='word_1_409' title='bbox 1184 674 1382 713; x_wconf 79' lang='lat' dir='ltr'>Cappellanns</span> <span class='ocrx_word' id='word_1_410' title='bbox 1408 675 1493 704; x_wconf 85' lang='lat' dir='ltr'>habet</span> <span class='ocrx_word' id='word_1_411' title='bbox 1519 673 1613 703; x_wconf 87' lang='lat' dir='ltr'>solnm</span> 
     </span>
     <span class='ocr_line' id='line_1_71' title="bbox 911 712 1613 752; baseline -0.006 -4"><span class='ocrx_word' id='word_1_412' title='bbox 911 712 1066 744; x_wconf 77' lang='lat' dir='ltr'>facultates</span> <span class='ocrx_word' id='word_1_413' title='bbox 1078 731 1089 744; x_wconf 71' lang='grc' dir='ltr'>-ν</span> <span class='ocrx_word' id='word_1_414' title='bbox 1111 724 1174 752; x_wconf 70' lang='lat' dir='ltr'>quoe</span> <span class='ocrx_word' id='word_1_415' title='bbox 1186 714 1276 743; x_wconf 73' lang='lat' dir='ltr'>eidem</span> <span class='ocrx_word' id='word_1_416' title='bbox 1301 715 1506 746; x_wconf 85' lang='lat' dir='ltr'>conceduntur</span> <span class='ocrx_word' id='word_1_417' title='bbox 1530 726 1545 744; x_wconf 86' lang='lat' dir='ltr'>a</span> <span class='ocrx_word' id='word_1_418' title='bbox 1559 716 1613 744; x_wconf 85' lang='lat' dir='ltr'>Pa-</span> 
     </span>
     <span class='ocr_line' id='line_1_72' title="bbox 913 754 1368 795; baseline 0 -10"><span class='ocrx_word' id='word_1_419' title='bbox 913 755 1003 785; x_wconf 83' lang='lat' dir='ltr'>rocho</span> <span class='ocrx_word' id='word_1_420' title='bbox 1017 774 1026 784; x_wconf 81' lang='grc'><strong>.</strong></span> <span class='ocrx_word' id='word_1_421' title='bbox 1051 756 1076 786; x_wconf 59' lang='grc' dir='ltr'>Φ.</span> <span class='ocrx_word' id='word_1_422' title='bbox 1088 754 1282 795; x_wconf 70' lang='lat' dir='ltr'>Reliquapag.</span> <span class='ocrx_word' id='word_1_423' title='bbox 1300 767 1368 786; x_wconf 84' lang='lat'>100.</span> 
     </span>
    </p>

    <p class='ocr_par' dir='ltr' id='par_1_31' title="bbox 911 794 1612 876">
     <span class='ocr_line' id='line_1_73' title="bbox 952 794 1612 833; baseline 0.005 -10"><span class='ocrx_word' id='word_1_424' title='bbox 952 797 995 824; x_wconf 89' lang='lat' dir='ltr'>An</span> <span class='ocrx_word' id='word_1_425' title='bbox 1007 803 1076 824; x_wconf 89' lang='lat' dir='ltr'>veto</span> <span class='ocrx_word' id='word_1_426' title='bbox 1100 794 1129 824; x_wconf 87' lang='lat' dir='ltr'>in</span> <span class='ocrx_word' id='word_1_427' title='bbox 1140 795 1300 833; x_wconf 88' lang='lat' dir='ltr'>hujusmodi</span> <span class='ocrx_word' id='word_1_428' title='bbox 1323 796 1448 827; x_wconf 78' lang='lat' dir='ltr'>Ecclesia</span> <span class='ocrx_word' id='word_1_429' title='bbox 1470 795 1612 826; x_wconf 76' lang='lat' dir='ltr'>filialisa·</span> 
     </span>
     <span class='ocr_line' id='line_1_74' title="bbox 911 834 1586 876; baseline 0 -10"><span class='ocrx_word' id='word_1_430' title='bbox 911 836 1013 866; x_wconf 79' lang='lat' dir='ltr'>tisfieri</span> <span class='ocrx_word' id='word_1_431' title='bbox 1027 834 1108 874; x_wconf 78' lang='lat' dir='ltr'>possit</span> <span class='ocrx_word' id='word_1_432' title='bbox 1121 845 1264 876; x_wconf 49' lang='lat' dir='ltr'>percepto</span> <span class='ocrx_word' id='word_1_433' title='bbox 1281 837 1413 868; x_wconf 83' lang='lat' dir='ltr'>Paschali</span> <span class='ocrx_word' id='word_1_434' title='bbox 1425 858 1433 866; x_wconf 88' lang='lat'>.</span> <span class='ocrx_word' id='word_1_435' title='bbox 1458 837 1565 867; x_wconf 78' lang='lat' dir='ltr'>ibidem</span> <span class='ocrx_word' id='word_1_436' title='bbox 1576 857 1586 866; x_wconf 87' lang='lat'><strong>.</strong></span> 
     </span>
    </p>

    <p class='ocr_par' dir='ltr' id='par_1_32' title="bbox 873 875 1614 999">
     <span class='ocr_line' id='line_1_75' title="bbox 873 875 1614 909; baseline -0.004 0"><span class='ocrx_word' id='word_1_437' title='bbox 873 876 1055 909; x_wconf 73' lang='lat' dir='ltr'>parochialis</span> <span class='ocrx_word' id='word_1_438' title='bbox 1083 875 1331 907; x_wconf 80' lang='lat' dir='ltr'>dismembrationi</span> <span class='ocrx_word' id='word_1_439' title='bbox 1354 878 1439 908; x_wconf 84' lang='lat' dir='ltr'>locus</span> <span class='ocrx_word' id='word_1_440' title='bbox 1454 879 1490 907; x_wconf 83' lang='lat' dir='ltr'>est</span> <span class='ocrx_word' id='word_1_441' title='bbox 1515 878 1554 906; x_wconf 87' lang='lat' dir='ltr'>ob</span> <span class='ocrx_word' id='word_1_442' title='bbox 1570 876 1614 906; x_wconf 90' lang='lat' dir='ltr'>di-</span> 
     </span>
     <span class='ocr_line' id='line_1_76' title="bbox 913 916 1612 959; baseline -0.004 -10"><span class='ocrx_word' id='word_1_443' title='bbox 913 918 1042 949; x_wconf 81' lang='lat' dir='ltr'>stantiam</span> <span class='ocrx_word' id='word_1_444' title='bbox 1054 936 1066 949; x_wconf 73' lang='grc'>,</span> <span class='ocrx_word' id='word_1_445' title='bbox 1088 919 1114 947; x_wconf 80' lang='grc' dir='ltr'>δι</span> <span class='ocrx_word' id='word_1_446' title='bbox 1127 916 1308 959; x_wconf 83' lang='lat' dir='ltr'>asperitatem</span> <span class='ocrx_word' id='word_1_447' title='bbox 1319 918 1371 951; x_wconf 75' lang='lat' dir='ltr'>viae</span> <span class='ocrx_word' id='word_1_448' title='bbox 1384 939 1392 949; x_wconf 87' lang='lat'><em>.</em></span> <span class='ocrx_word' id='word_1_449' title='bbox 1415 920 1439 952; x_wconf 68' lang='lat'>§-</span> <span class='ocrx_word' id='word_1_450' title='bbox 1462 920 1500 950; x_wconf 83' lang='lat' dir='ltr'>Et</span> <span class='ocrx_word' id='word_1_451' title='bbox 1512 926 1612 948; x_wconf 77' lang='lat' dir='ltr'><em>votum</em></span> 
     </span>
     <span class='ocr_line' id='line_1_77' title="bbox 907 967 1056 999; baseline -0.02 -8"><span class='ocrx_word' id='word_1_452' title='bbox 907 969 945 999; x_wconf 85' lang='lat' dir='ltr'>pa</span> <span class='ocrx_word' id='word_1_453' title='bbox 967 980 974 988; x_wconf 96' lang='lat'>.</span> <span class='ocrx_word' id='word_1_454' title='bbox 989 967 1056 995; x_wconf 80' lang='lat'><em>133.</em></span> 
     </span>
    </p>

    <p class='ocr_par' dir='ltr' id='par_1_33' title="bbox 872 971 1615 1122">
     <span class='ocr_line' id='line_1_78' title="bbox 872 971 1615 1033; baseline -0.007 0"><span class='ocrx_word' id='word_1_455' title='bbox 872 971 1055 1033; x_wconf 67' lang='lat' dir='ltr'>Paro{hialis</span> <span class='ocrx_word' id='word_1_456' title='bbox 1072 1001 1100 1030; x_wconf 89' lang='lat' dir='ltr'>in</span> <span class='ocrx_word' id='word_1_457' title='bbox 1115 1000 1254 1033; x_wconf 76' lang='lat' dir='ltr'>civitate</span> <span class='ocrx_word' id='word_1_458' title='bbox 1269 1002 1386 1033; x_wconf 72' lang='lat' dir='ltr'>Andriae</span> <span class='ocrx_word' id='word_1_459' title='bbox 1401 1000 1486 1031; x_wconf 76' lang='lat' dir='ltr'>unice</span> <span class='ocrx_word' id='word_1_460' title='bbox 1513 1000 1548 1030; x_wconf 86' lang='lat' dir='ltr'>est</span> <span class='ocrx_word' id='word_1_461' title='bbox 1561 1002 1615 1029; x_wconf 89' lang='lat' dir='ltr'>Ec-</span> 
     </span>
     <span class='ocr_line' id='line_1_79' title="bbox 914 1041 1611 1076; baseline -0.006 -3"><span class='ocrx_word' id='word_1_462' title='bbox 914 1042 997 1073; x_wconf 79' lang='lat' dir='ltr'>clesia</span> <span class='ocrx_word' id='word_1_463' title='bbox 1016 1043 1198 1073; x_wconf 85' lang='lat' dir='ltr'>Cathedralis</span> <span class='ocrx_word' id='word_1_464' title='bbox 1210 1062 1221 1076; x_wconf 85' lang='lat'>,</span> <span class='ocrx_word' id='word_1_465' title='bbox 1244 1045 1348 1074; x_wconf 82' lang='lat' dir='ltr'>habens</span> <span class='ocrx_word' id='word_1_466' title='bbox 1363 1043 1483 1073; x_wconf 81' lang='lat' dir='ltr'>alteram</span> <span class='ocrx_word' id='word_1_467' title='bbox 1508 1041 1611 1070; x_wconf 85' lang='lat' dir='ltr'>Eccle-</span> 
     </span>
     <span class='ocr_line' id='line_1_80' title="bbox 913 1083 1581 1122; baseline -0.006 -8"><span class='ocrx_word' id='word_1_468' title='bbox 913 1083 976 1114; x_wconf 81' lang='lat' dir='ltr'>siam</span> <span class='ocrx_word' id='word_1_469' title='bbox 989 1083 1203 1121; x_wconf 83' lang='lat' dir='ltr'>coadjutricem</span> <span class='ocrx_word' id='word_1_470' title='bbox 1216 1105 1224 1113; x_wconf 90' lang='lat'><strong>.</strong></span> <span class='ocrx_word' id='word_1_471' title='bbox 1246 1087 1270 1117; x_wconf 79' lang='lat'>§.</span> <span class='ocrx_word' id='word_1_472' title='bbox 1286 1086 1498 1122; x_wconf 78' lang='lat' dir='ltr'>Andrien.pag.</span> <span class='ocrx_word' id='word_1_473' title='bbox 1516 1085 1581 1118; x_wconf 80' lang='lat'>184.</span> 
     </span>
    </p>

    <p class='ocr_par' dir='ltr' id='par_1_34' title="bbox 913 1121 1612 1205">
     <span class='ocr_line' id='line_1_81' title="bbox 939 1121 1612 1163; baseline -0.004 -9"><span class='ocrx_word' id='word_1_474' title='bbox 939 1126 1011 1153; x_wconf 86' lang='lat' dir='ltr'>Non</span> <span class='ocrx_word' id='word_1_475' title='bbox 1025 1127 1112 1163; x_wconf 79' lang='lat' dir='ltr'>potest</span> <span class='ocrx_word' id='word_1_476' title='bbox 1123 1134 1214 1155; x_wconf 87' lang='lat' dir='ltr'>tamen</span> <span class='ocrx_word' id='word_1_477' title='bbox 1225 1126 1286 1156; x_wconf 84' lang='lat' dir='ltr'>sola</span> <span class='ocrx_word' id='word_1_478' title='bbox 1297 1134 1428 1155; x_wconf 83' lang='lat' dir='ltr'>exercere</span> <span class='ocrx_word' id='word_1_479' title='bbox 1439 1133 1536 1153; x_wconf 83' lang='lat' dir='ltr'>curam</span> <span class='ocrx_word' id='word_1_480' title='bbox 1549 1121 1612 1151; x_wconf 80' lang='lat' dir='ltr'>aui·</span> 
     </span>
     <span class='ocr_line' id='line_1_82' title="bbox 913 1164 1515 1205; baseline -0.003 -11"><span class='ocrx_word' id='word_1_481' title='bbox 913 1175 1022 1195; x_wconf 82' lang='lat' dir='ltr'>marum</span> <span class='ocrx_word' id='word_1_482' title='bbox 1034 1165 1154 1195; x_wconf 88' lang='lat' dir='ltr'>exclusa</span> <span class='ocrx_word' id='word_1_483' title='bbox 1165 1166 1346 1205; x_wconf 80' lang='lat' dir='ltr'>coadjutrice</span> <span class='ocrx_word' id='word_1_484' title='bbox 1359 1185 1369 1196; x_wconf 88' lang='grc'><strong>.</strong></span> <span class='ocrx_word' id='word_1_485' title='bbox 1392 1164 1494 1193; x_wconf 63' lang='lat' dir='ltr'>ibidem</span> <span class='ocrx_word' id='word_1_486' title='bbox 1507 1185 1515 1193; x_wconf 89' lang='lat'><strong>.</strong></span> 
     </span>
    </p>

    <p class='ocr_par' dir='ltr' id='par_1_35' title="bbox 915 1201 1616 1329">
     <span class='ocr_line' id='line_1_83' title="bbox 958 1201 1610 1246; baseline -0.008 -9"><span class='ocrx_word' id='word_1_487' title='bbox 958 1210 995 1237; x_wconf 88' lang='lat' dir='ltr'>Et</span> <span class='ocrx_word' id='word_1_488' title='bbox 1024 1207 1209 1237; x_wconf 77' lang='lat' dir='ltr'>demandatur</span> <span class='ocrx_word' id='word_1_489' title='bbox 1243 1207 1343 1237; x_wconf 81' lang='lat' dir='ltr'>divisio</span> <span class='ocrx_word' id='word_1_490' title='bbox 1366 1204 1465 1246; x_wconf 86' lang='lat' dir='ltr'>quoad</span> <span class='ocrx_word' id='word_1_491' title='bbox 1497 1201 1610 1234; x_wconf 86' lang='lat' dir='ltr'>exerci-</span> 
     </span>
     <span class='ocr_line' id='line_1_84' title="bbox 915 1246 1612 1286; baseline -0.001 -9"><span class='ocrx_word' id='word_1_492' title='bbox 915 1247 990 1277; x_wconf 84' lang='lat' dir='ltr'>tium</span> <span class='ocrx_word' id='word_1_493' title='bbox 1005 1256 1114 1277; x_wconf 84' lang='lat' dir='ltr'>tantum</span> <span class='ocrx_word' id='word_1_494' title='bbox 1129 1246 1256 1278; x_wconf 84' lang='lat' dir='ltr'>facienda</span> <span class='ocrx_word' id='word_1_495' title='bbox 1277 1249 1312 1278; x_wconf 84' lang='lat' dir='ltr'>ab</span> <span class='ocrx_word' id='word_1_496' title='bbox 1327 1246 1470 1286; x_wconf 76' lang='lat' dir='ltr'>Episcopo</span> <span class='ocrx_word' id='word_1_497' title='bbox 1481 1264 1492 1277; x_wconf 83' lang='lat'>‚</span> <span class='ocrx_word' id='word_1_498' title='bbox 1517 1247 1543 1273; x_wconf 75' lang='lat' dir='ltr'>Sc</span> <span class='ocrx_word' id='word_1_499' title='bbox 1564 1254 1612 1284; x_wconf 87' lang='lat' dir='ltr'>ap-</span> 
     </span>
     <span class='ocr_line' id='line_1_85' title="bbox 916 1284 1616 1329; baseline -0.006 -11"><span class='ocrx_word' id='word_1_500' title='bbox 916 1288 1062 1328; x_wconf 80' lang='lat' dir='ltr'>probanda</span> <span class='ocrx_word' id='word_1_501' title='bbox 1082 1298 1098 1318; x_wconf 85' lang='lat' dir='ltr'>a</span> <span class='ocrx_word' id='word_1_502' title='bbox 1109 1290 1197 1319; x_wconf 86' lang='lat' dir='ltr'>Sacra</span> <span class='ocrx_word' id='word_1_503' title='bbox 1209 1288 1443 1329; x_wconf 78' lang='lat' dir='ltr'>Congregatione</span> <span class='ocrx_word' id='word_1_504' title='bbox 1458 1306 1467 1316; x_wconf 94' lang='lat'>.</span> <span class='ocrx_word' id='word_1_505' title='bbox 1491 1284 1594 1314; x_wconf 75' lang='lat' dir='ltr'>ibidem</span> <span class='ocrx_word' id='word_1_506' title='bbox 1606 1303 1616 1313; x_wconf 82' lang='lat'><strong>·</strong></span> 
     </span>
    </p>

    <p class='ocr_par' dir='ltr' id='par_1_36' title="bbox 915 1326 1615 1449">
     <span class='ocr_line' id='line_1_86' title="bbox 955 1326 1612 1368; baseline -0.006 -8"><span class='ocrx_word' id='word_1_507' title='bbox 955 1329 1082 1368; x_wconf 77' lang='lat' dir='ltr'>Quando</span> <span class='ocrx_word' id='word_1_508' title='bbox 1095 1339 1188 1360; x_wconf 80' lang='lat' dir='ltr'>autem</span> <span class='ocrx_word' id='word_1_509' title='bbox 1208 1329 1354 1360; x_wconf 71' lang='lat' dir='ltr'>l’arochix</span> <span class='ocrx_word' id='word_1_510' title='bbox 1378 1327 1440 1356; x_wconf 87' lang='lat' dir='ltr'>sunt</span> <span class='ocrx_word' id='word_1_511' title='bbox 1455 1326 1584 1356; x_wconf 74' lang='lat' dir='ltr'>dissinftae</span> <span class='ocrx_word' id='word_1_512' title='bbox 1599 1342 1612 1356; x_wconf 67' lang='grc' dir='ltr'><strong><em>ο</em></strong></span> 
     </span>
     <span class='ocr_line' id='line_1_87' title="bbox 921 1366 1615 1401; baseline -0.009 0"><span class='ocrx_word' id='word_1_513' title='bbox 921 1370 1098 1401; x_wconf 78' lang='lat' dir='ltr'>Ordinarius</span> <span class='ocrx_word' id='word_1_514' title='bbox 1119 1382 1176 1401; x_wconf 87' lang='lat' dir='ltr'>non</span> <span class='ocrx_word' id='word_1_515' title='bbox 1200 1373 1235 1401; x_wconf 85' lang='lat' dir='ltr'>est</span> <span class='ocrx_word' id='word_1_516' title='bbox 1257 1369 1434 1399; x_wconf 80' lang='lat' dir='ltr'>immediatus</span> <span class='ocrx_word' id='word_1_517' title='bbox 1467 1366 1615 1396; x_wconf 72' lang='lat' dir='ltr'>Parochut</span> 
     </span>
     <span class='ocr_line' id='line_1_88' title="bbox 915 1410 1420 1449; baseline -0.008 -9"><span class='ocrx_word' id='word_1_518' title='bbox 915 1410 1090 1441; x_wconf 78' lang='lat' dir='ltr'>universalis</span> <span class='ocrx_word' id='word_1_519' title='bbox 1103 1430 1112 1439; x_wconf 86' lang='lat'><strong>.</strong></span> <span class='ocrx_word' id='word_1_520' title='bbox 1134 1416 1158 1444; x_wconf 67' lang='grc' dir='ltr'>ῄ.</span> <span class='ocrx_word' id='word_1_521' title='bbox 1176 1410 1266 1441; x_wconf 76' lang='lat' dir='ltr'>Tertio</span> <span class='ocrx_word' id='word_1_522' title='bbox 1275 1419 1341 1449; x_wconf 86' lang='lat' dir='ltr'>pag.</span> <span class='ocrx_word' id='word_1_523' title='bbox 1355 1413 1420 1444; x_wconf 81' lang='lat'>184.</span> 
     </span>
    </p>

    <p class='ocr_par' dir='ltr' id='par_1_37' title="bbox 913 1446 1614 1571">
     <span class='ocr_line' id='line_1_89' title="bbox 955 1446 1613 1481; baseline -0.008 0"><span class='ocrx_word' id='word_1_524' title='bbox 955 1455 992 1481; x_wconf 85' lang='lat' dir='ltr'>Et</span> <span class='ocrx_word' id='word_1_525' title='bbox 1023 1460 1094 1480; x_wconf 90' lang='lat' dir='ltr'>cura</span> <span class='ocrx_word' id='word_1_526' title='bbox 1118 1452 1276 1480; x_wconf 86' lang='lat' dir='ltr'>animarum</span> <span class='ocrx_word' id='word_1_527' title='bbox 1298 1448 1446 1478; x_wconf 82' lang='lat' dir='ltr'>imminens</span> <span class='ocrx_word' id='word_1_528' title='bbox 1481 1446 1613 1476; x_wconf 75' lang='lat' dir='ltr'>Ecclesiae</span> 
     </span>
     <span class='ocr_line' id='line_1_90' title="bbox 913 1488 1613 1531; baseline -0.013 -7"><span class='ocrx_word' id='word_1_529' title='bbox 913 1491 1084 1524; x_wconf 85' lang='lat' dir='ltr'>Cathedrali</span> <span class='ocrx_word' id='word_1_530' title='bbox 1107 1491 1228 1531; x_wconf 77' lang='lat' dir='ltr'>spe6&#39;tare</span> <span class='ocrx_word' id='word_1_531' title='bbox 1241 1489 1418 1530; x_wconf 74' lang='lat' dir='ltr'>praesumitur</span> <span class='ocrx_word' id='word_1_532' title='bbox 1443 1488 1477 1518; x_wconf 88' lang='lat' dir='ltr'>ad</span> <span class='ocrx_word' id='word_1_533' title='bbox 1489 1488 1613 1526; x_wconf 85' lang='lat' dir='ltr'>Capitu-</span> 
     </span>
     <span class='ocr_line' id='line_1_91' title="bbox 913 1527 1614 1571; baseline -0.011 -8"><span class='ocrx_word' id='word_1_534' title='bbox 913 1533 975 1563; x_wconf 87' lang='lat' dir='ltr'>lum</span> <span class='ocrx_word' id='word_1_535' title='bbox 988 1551 998 1564; x_wconf 77' lang='grc'>,</span> <span class='ocrx_word' id='word_1_536' title='bbox 1022 1542 1078 1562; x_wconf 92' lang='lat' dir='ltr'>non</span> <span class='ocrx_word' id='word_1_537' title='bbox 1090 1541 1188 1562; x_wconf 85' lang='lat' dir='ltr'>autem</span> <span class='ocrx_word' id='word_1_538' title='bbox 1211 1533 1247 1561; x_wconf 83' lang='lat' dir='ltr'>ad</span> <span class='ocrx_word' id='word_1_539' title='bbox 1266 1531 1437 1571; x_wconf 82' lang='lat' dir='ltr'>Episcopum</span> <span class='ocrx_word' id='word_1_540' title='bbox 1454 1548 1463 1557; x_wconf 87' lang='lat'><strong>.</strong></span> <span class='ocrx_word' id='word_1_541' title='bbox 1486 1527 1589 1557; x_wconf 76' lang='lat' dir='ltr'>ibidem</span> <span class='ocrx_word' id='word_1_542' title='bbox 1604 1547 1614 1555; x_wconf 89' lang='lat'><strong><em>.</em></strong></span> 
     </span>
    </p>

    <p class='ocr_par' dir='ltr' id='par_1_38' title="bbox 910 1569 1615 1653">
     <span class='ocr_line' id='line_1_92' title="bbox 951 1569 1614 1613; baseline -0.015 -8"><span class='ocrx_word' id='word_1_543' title='bbox 951 1577 1047 1612; x_wconf 82' lang='lat' dir='ltr'>Atque</span> <span class='ocrx_word' id='word_1_544' title='bbox 1062 1574 1201 1612; x_wconf 88' lang='lat' dir='ltr'>probatur</span> <span class='ocrx_word' id='word_1_545' title='bbox 1214 1572 1384 1613; x_wconf 82' lang='lat' dir='ltr'>pertinentia</span> <span class='ocrx_word' id='word_1_546' title='bbox 1400 1579 1474 1600; x_wconf 69' lang='lat' dir='ltr'>curae</span> <span class='ocrx_word' id='word_1_547' title='bbox 1486 1569 1521 1598; x_wconf 83' lang='lat' dir='ltr'>ab</span> <span class='ocrx_word' id='word_1_548' title='bbox 1533 1577 1614 1597; x_wconf 84' lang='lat' dir='ltr'>exer-</span> 
     </span>
     <span class='ocr_line' id='line_1_93' title="bbox 910 1608 1615 1653; baseline -0.014 -7"><span class='ocrx_word' id='word_1_549' title='bbox 910 1614 986 1646; x_wconf 85' lang='lat' dir='ltr'>citio</span> <span class='ocrx_word' id='word_1_550' title='bbox 1003 1615 1114 1644; x_wconf 61' lang='lat' dir='ltr'>anuum</span> <span class='ocrx_word' id='word_1_551' title='bbox 1127 1614 1208 1644; x_wconf 84' lang='lat' dir='ltr'>illam</span> <span class='ocrx_word' id='word_1_552' title='bbox 1229 1611 1444 1653; x_wconf 77' lang='lat' dir='ltr'>respicientium</span> <span class='ocrx_word' id='word_1_553' title='bbox 1459 1630 1468 1639; x_wconf 83' lang='grc'><strong>.</strong></span> <span class='ocrx_word' id='word_1_554' title='bbox 1491 1608 1615 1652; x_wconf 43' lang='lat' dir='ltr'>ibidem..</span> 
     </span>
    </p>

    <p class='ocr_par' dir='ltr' id='par_1_39' title="bbox 914 1651 1614 1771">
     <span class='ocr_line' id='line_1_94' title="bbox 951 1651 1613 1691; baseline -0.011 -9"><span class='ocrx_word' id='word_1_555' title='bbox 951 1657 1169 1691; x_wconf 80' lang='lat' dir='ltr'>Proptereaque</span> <span class='ocrx_word' id='word_1_556' title='bbox 1181 1664 1196 1682; x_wconf 88' lang='lat' dir='ltr'>a</span> <span class='ocrx_word' id='word_1_557' title='bbox 1209 1654 1350 1691; x_wconf 84' lang='lat' dir='ltr'>Capitnlo</span> <span class='ocrx_word' id='word_1_558' title='bbox 1362 1671 1372 1682; x_wconf 88' lang='lat'>,</span> <span class='ocrx_word' id='word_1_559' title='bbox 1387 1651 1432 1679; x_wconf 88' lang='lat' dir='ltr'>vel</span> <span class='ocrx_word' id='word_1_560' title='bbox 1444 1653 1505 1686; x_wconf 72' lang='lat' dir='ltr'>ejtis</span> <span class='ocrx_word' id='word_1_561' title='bbox 1518 1657 1613 1677; x_wconf 80' lang='lat' dir='ltr'>nomi-</span> 
     </span>
     <span class='ocr_line' id='line_1_95' title="bbox 914 1689 1614 1730; baseline -0.006 -8"><span class='ocrx_word' id='word_1_562' title='bbox 914 1703 949 1722; x_wconf 85' lang='lat' dir='ltr'>ne</span> <span class='ocrx_word' id='word_1_563' title='bbox 970 1693 1005 1720; x_wconf 79' lang='lat' dir='ltr'>ab</span> <span class='ocrx_word' id='word_1_564' title='bbox 1017 1693 1279 1730; x_wconf 83' lang='lat' dir='ltr'>Archipresbytero</span> <span class='ocrx_word' id='word_1_565' title='bbox 1300 1690 1426 1728; x_wconf 79' lang='lat' dir='ltr'>eligendi</span> <span class='ocrx_word' id='word_1_566' title='bbox 1450 1689 1512 1718; x_wconf 86' lang='lat' dir='ltr'>sunt</span> <span class='ocrx_word' id='word_1_567' title='bbox 1535 1690 1614 1718; x_wconf 80' lang='lat' dir='ltr'>Coa-</span> 
     </span>
     <span class='ocr_line' id='line_1_96' title="bbox 914 1729 1452 1771; baseline -0.009 -9"><span class='ocrx_word' id='word_1_568' title='bbox 914 1733 1046 1770; x_wconf 85' lang='lat' dir='ltr'>djutores</span> <span class='ocrx_word' id='word_1_569' title='bbox 1060 1751 1068 1759; x_wconf 87' lang='lat'><strong>.</strong></span> <span class='ocrx_word' id='word_1_570' title='bbox 1089 1734 1114 1764; x_wconf 75' lang='lat'>§.</span> <span class='ocrx_word' id='word_1_571' title='bbox 1128 1736 1220 1771; x_wconf 81' lang='lat' dir='ltr'>Atque</span> <span class='ocrx_word' id='word_1_572' title='bbox 1230 1729 1294 1760; x_wconf 83' lang='lat' dir='ltr'>hinc</span> <span class='ocrx_word' id='word_1_573' title='bbox 1307 1740 1375 1770; x_wconf 83' lang='lat' dir='ltr'>pag.</span> <span class='ocrx_word' id='word_1_574' title='bbox 1387 1734 1452 1762; x_wconf 78' lang='lat'>185.</span> 
     </span>
    </p>

    <p class='ocr_par' dir='ltr' id='par_1_40' title="bbox 919 1769 1618 1845">
     <span class='ocr_line' id='line_1_97' title="bbox 960 1769 1618 1811; baseline -0.002 -9"><span class='ocrx_word' id='word_1_575' title='bbox 960 1773 1044 1803; x_wconf 83' lang='lat' dir='ltr'>Salva</span> <span class='ocrx_word' id='word_1_576' title='bbox 1056 1771 1194 1811; x_wconf 87' lang='lat' dir='ltr'>Episcopi</span> <span class='ocrx_word' id='word_1_577' title='bbox 1216 1770 1421 1811; x_wconf 79' lang='lat' dir='ltr'>approbatione</span> <span class='ocrx_word' id='word_1_578' title='bbox 1435 1778 1489 1807; x_wconf 89' lang='lat' dir='ltr'>pro</span> <span class='ocrx_word' id='word_1_579' title='bbox 1499 1769 1618 1801; x_wconf 71' lang='lat' dir='ltr'>exemi-5</span> 
     </span>
     <span class='ocr_line' id='line_1_98' title="bbox 919 1811 1220 1845; baseline -0.017 0"><span class='ocrx_word' id='word_1_580' title='bbox 919 1814 964 1845; x_wconf 86' lang='lat' dir='ltr'>tio</span> <span class='ocrx_word' id='word_1_581' title='bbox 975 1823 1050 1843; x_wconf 82' lang='lat' dir='ltr'>curae</span> <span class='ocrx_word' id='word_1_582' title='bbox 1062 1832 1069 1841; x_wconf 94' lang='lat'>.</span> <span class='ocrx_word' id='word_1_583' title='bbox 1095 1811 1199 1841; x_wconf 79' lang='lat' dir='ltr'>ibidem</span> <span class='ocrx_word' id='word_1_584' title='bbox 1212 1832 1220 1840; x_wconf 92' lang='lat'><strong><em>.</em></strong></span> 
     </span>
    </p>

    <p class='ocr_par' dir='ltr' id='par_1_41' title="bbox 914 1849 1611 1925">
     <span class='ocr_line' id='line_1_99' title="bbox 953 1849 1611 1894; baseline -0.005 -11"><span class='ocrx_word' id='word_1_585' title='bbox 953 1856 990 1883; x_wconf 84' lang='lat' dir='ltr'>Et</span> <span class='ocrx_word' id='word_1_586' title='bbox 1004 1864 1020 1883; x_wconf 83' lang='lat' dir='ltr'>a</span> <span class='ocrx_word' id='word_1_587' title='bbox 1030 1864 1091 1894; x_wconf 88' lang='lat' dir='ltr'>quo</span> <span class='ocrx_word' id='word_1_588' title='bbox 1102 1853 1250 1894; x_wconf 84' lang='lat' dir='ltr'>eliguntur</span> <span class='ocrx_word' id='word_1_589' title='bbox 1262 1869 1274 1886; x_wconf 69' lang='lat'><em>2</em></span> <span class='ocrx_word' id='word_1_590' title='bbox 1295 1853 1331 1883; x_wconf 83' lang='lat' dir='ltr'>ab</span> <span class='ocrx_word' id='word_1_591' title='bbox 1344 1863 1378 1882; x_wconf 88' lang='lat' dir='ltr'>eo</span> <span class='ocrx_word' id='word_1_592' title='bbox 1389 1849 1452 1880; x_wconf 88' lang='lat' dir='ltr'>sunt</span> <span class='ocrx_word' id='word_1_593' title='bbox 1473 1860 1611 1880; x_wconf 83' lang='lat' dir='ltr'>amoven-</span> 
     </span>
     <span class='ocr_line' id='line_1_100' title="bbox 914 1893 1117 1925; baseline 0.005 -1"><span class='ocrx_word' id='word_1_594' title='bbox 914 1894 965 1924; x_wconf 79' lang='lat' dir='ltr'>di.</span> <span class='ocrx_word' id='word_1_595' title='bbox 987 1893 1092 1925; x_wconf 79' lang='lat' dir='ltr'>ibidem</span> <span class='ocrx_word' id='word_1_596' title='bbox 1108 1916 1117 1925; x_wconf 83' lang='lat'><strong>.</strong></span> 
     </span>
    </p>

    <p class='ocr_par' dir='ltr' id='par_1_42' title="bbox 910 1933 1613 2018">
     <span class='ocr_line' id='line_1_101' title="bbox 951 1933 1613 1976; baseline -0.008 -12"><span class='ocrx_word' id='word_1_597' title='bbox 951 1934 1077 1975; x_wconf 83' lang='lat' dir='ltr'>Illisque</span> <span class='ocrx_word' id='word_1_598' title='bbox 1089 1934 1219 1976; x_wconf 79' lang='lat' dir='ltr'>assignari</span> <span class='ocrx_word' id='word_1_599' title='bbox 1233 1935 1318 1965; x_wconf 84' lang='lat' dir='ltr'>debet</span> <span class='ocrx_word' id='word_1_600' title='bbox 1331 1933 1467 1965; x_wconf 82' lang='lat' dir='ltr'>salarium</span> <span class='ocrx_word' id='word_1_601' title='bbox 1485 1942 1540 1972; x_wconf 89' lang='lat' dir='ltr'>pro</span> <span class='ocrx_word' id='word_1_602' title='bbox 1552 1941 1613 1960; x_wconf 86' lang='lat' dir='ltr'>mo-</span> 
     </span>
     <span class='ocr_line' id='line_1_102' title="bbox 910 1975 1470 2018; baseline -0.005 -12"><span class='ocrx_word' id='word_1_603' title='bbox 910 1975 949 2006; x_wconf 85' lang='lat' dir='ltr'>do</span> <span class='ocrx_word' id='word_1_604' title='bbox 960 1976 1075 2006; x_wconf 87' lang='lat' dir='ltr'>servitii</span> <span class='ocrx_word' id='word_1_605' title='bbox 1091 1998 1099 2006; x_wconf 88' lang='lat'><strong>.</strong></span> <span class='ocrx_word' id='word_1_606' title='bbox 1120 1980 1147 2010; x_wconf 77' lang='lat'>§.</span> <span class='ocrx_word' id='word_1_607' title='bbox 1159 1975 1387 2018; x_wconf 57' lang='lat' dir='ltr'>quntumpag.</span> <span class='ocrx_word' id='word_1_608' title='bbox 1404 1977 1470 2009; x_wconf 85' lang='lat'><em>185.</em></span> 
     </span>
    </p>

    <p class='ocr_par' dir='ltr' id='par_1_43' title="bbox 909 2013 1606 2090">
     <span class='ocr_line' id='line_1_103' title="bbox 948 2013 1606 2048; baseline -0.006 -1"><span class='ocrx_word' id='word_1_609' title='bbox 948 2016 1116 2048; x_wconf 87' lang='lat' dir='ltr'>Dummodo</span> <span class='ocrx_word' id='word_1_610' title='bbox 1127 2028 1185 2046; x_wconf 87' lang='lat' dir='ltr'>non</span> <span class='ocrx_word' id='word_1_611' title='bbox 1197 2016 1316 2047; x_wconf 83' lang='lat' dir='ltr'>excedat</span> <span class='ocrx_word' id='word_1_612' title='bbox 1327 2017 1451 2048; x_wconf 82' lang='lat' dir='ltr'>valorem</span> <span class='ocrx_word' id='word_1_613' title='bbox 1463 2013 1606 2045; x_wconf 66' lang='lat' dir='ltr'>fruetuum</span> 
     </span>
     <span class='ocr_line' id='line_1_104' title="bbox 909 2057 1252 2090; baseline -0.012 0"><span class='ocrx_word' id='word_1_614' title='bbox 909 2058 1090 2090; x_wconf 80' lang='lat' dir='ltr'>Parochialis</span> <span class='ocrx_word' id='word_1_615' title='bbox 1102 2078 1111 2087; x_wconf 88' lang='lat'><em>.</em></span> <span class='ocrx_word' id='word_1_616' title='bbox 1129 2057 1233 2087; x_wconf 71' lang='lat' dir='ltr'>ibidem</span> <span class='ocrx_word' id='word_1_617' title='bbox 1243 2076 1252 2085; x_wconf 83' lang='lat'><strong>·</strong></span> 
     </span>
    </p>

    <p class='ocr_par' dir='ltr' id='par_1_44' title="bbox 908 2093 1615 2252">
     <span class='ocr_line' id='line_1_105' title="bbox 950 2093 1611 2129; baseline -0.011 0"><span class='ocrx_word' id='word_1_618' title='bbox 950 2099 1005 2129; x_wconf 83' lang='lat' dir='ltr'>Sed</span> <span class='ocrx_word' id='word_1_619' title='bbox 1017 2098 1067 2129; x_wconf 87' lang='lat' dir='ltr'>ubi</span> <span class='ocrx_word' id='word_1_620' title='bbox 1082 2109 1138 2129; x_wconf 93' lang='lat' dir='ltr'>non</span> <span class='ocrx_word' id='word_1_621' title='bbox 1151 2098 1226 2129; x_wconf 83' lang='lat' dir='ltr'>adest</span> <span class='ocrx_word' id='word_1_622' title='bbox 1246 2097 1393 2128; x_wconf 70' lang='lat' dir='ltr'>necessitas</span> <span class='ocrx_word' id='word_1_623' title='bbox 1419 2093 1611 2127; x_wconf 79' lang='lat' dir='ltr'>constituendi</span> 
     </span>
     <span class='ocr_line' id='line_1_106' title="bbox 908 2133 1615 2178; baseline -0.008 -8"><span class='ocrx_word' id='word_1_624' title='bbox 908 2139 1096 2178; x_wconf 76' lang='lat' dir='ltr'>coadjutores</span> <span class='ocrx_word' id='word_1_625' title='bbox 1106 2159 1117 2172; x_wconf 81' lang='grc'>,</span> <span class='ocrx_word' id='word_1_626' title='bbox 1143 2150 1200 2168; x_wconf 88' lang='lat' dir='ltr'>non</span> <span class='ocrx_word' id='word_1_627' title='bbox 1225 2138 1288 2168; x_wconf 87' lang='lat' dir='ltr'>sunt</span> <span class='ocrx_word' id='word_1_628' title='bbox 1311 2135 1535 2167; x_wconf 88' lang='lat' dir='ltr'>dismembrandi</span> <span class='ocrx_word' id='word_1_629' title='bbox 1553 2133 1615 2164; x_wconf 79' lang='lat' dir='ltr'>sru-</span> 
     </span>
     <span class='ocr_line' id='line_1_107' title="bbox 908 2177 1614 2219; baseline -0.004 -9"><span class='ocrx_word' id='word_1_630' title='bbox 908 2183 968 2212; x_wconf 68' lang='lat' dir='ltr'>&amp;us</span> <span class='ocrx_word' id='word_1_631' title='bbox 980 2181 1141 2211; x_wconf 84' lang='lat' dir='ltr'>communis</span> <span class='ocrx_word' id='word_1_632' title='bbox 1150 2180 1236 2210; x_wconf 74' lang='lat' dir='ltr'>mafla:</span> <span class='ocrx_word' id='word_1_633' title='bbox 1251 2197 1262 2211; x_wconf 71' lang='lat'><strong><em>³</em></strong></span> <span class='ocrx_word' id='word_1_634' title='bbox 1286 2189 1339 2219; x_wconf 86' lang='lat' dir='ltr'>pro</span> <span class='ocrx_word' id='word_1_635' title='bbox 1352 2178 1459 2208; x_wconf 80' lang='lat' dir='ltr'>salario</span> <span class='ocrx_word' id='word_1_636' title='bbox 1470 2177 1530 2206; x_wconf 80' lang='lat' dir='ltr'>illis</span> <span class='ocrx_word' id='word_1_637' title='bbox 1543 2185 1614 2207; x_wconf 72' lang='lat' dir='ltr'>con-</span> 
     </span>
     <span class='ocr_line' id='line_1_108' title="bbox 909 2221 1224 2252; baseline 0 0"><span class='ocrx_word' id='word_1_638' title='bbox 909 2222 1048 2252; x_wconf 76' lang='lat' dir='ltr'>stitucndo</span> <span class='ocrx_word' id='word_1_639' title='bbox 1063 2242 1074 2252; x_wconf 80' lang='grc'><strong>.</strong></span> <span class='ocrx_word' id='word_1_640' title='bbox 1101 2221 1204 2251; x_wconf 82' lang='lat' dir='ltr'>ibidem</span> <span class='ocrx_word' id='word_1_641' title='bbox 1216 2242 1224 2250; x_wconf 86' lang='lat'><strong>·</strong></span> 
     </span>
    </p>

    <p class='ocr_par' dir='ltr' id='par_1_45' title="bbox 912 2256 1616 2341">
     <span class='ocr_line' id='line_1_109' title="bbox 952 2256 1616 2293; baseline -0.011 0"><span class='ocrx_word' id='word_1_642' title='bbox 952 2261 1035 2293; x_wconf 88' lang='lat' dir='ltr'>Libri</span> <span class='ocrx_word' id='word_1_643' title='bbox 1062 2262 1245 2293; x_wconf 85' lang='lat' dir='ltr'>Parochiales</span> <span class='ocrx_word' id='word_1_644' title='bbox 1270 2258 1410 2291; x_wconf 87' lang='lat' dir='ltr'>retinendi</span> <span class='ocrx_word' id='word_1_645' title='bbox 1438 2258 1502 2288; x_wconf 87' lang='lat' dir='ltr'>sunt</span> <span class='ocrx_word' id='word_1_646' title='bbox 1522 2268 1538 2288; x_wconf 86' lang='lat' dir='ltr'>a</span> <span class='ocrx_word' id='word_1_647' title='bbox 1552 2256 1616 2287; x_wconf 74' lang='lat' dir='ltr'>solo</span> 
     </span>
     <span class='ocr_line' id='line_1_110' title="bbox 912 2301 1472 2341; baseline -0.007 -7"><span class='ocrx_word' id='word_1_648' title='bbox 912 2304 1046 2335; x_wconf 86' lang='lat' dir='ltr'>Parocho</span> <span class='ocrx_word' id='word_1_649' title='bbox 1063 2322 1073 2331; x_wconf 89' lang='lat'><strong>.</strong></span> <span class='ocrx_word' id='word_1_650' title='bbox 1097 2307 1123 2336; x_wconf 77' lang='lat'>§.</span> <span class='ocrx_word' id='word_1_651' title='bbox 1134 2301 1317 2341; x_wconf 79' lang='lat' dir='ltr'>Reprehendit</span> <span class='ocrx_word' id='word_1_652' title='bbox 1322 2310 1389 2340; x_wconf 88' lang='lat' dir='ltr'>pag.</span> <span class='ocrx_word' id='word_1_653' title='bbox 1404 2303 1472 2330; x_wconf 84' lang='lat'>186.</span> 
     </span>
    </p>

    <p class='ocr_par' dir='ltr' id='par_1_46' title="bbox 917 2339 1612 2457">
     <span class='ocr_line' id='line_1_111' title="bbox 952 2339 1612 2379; baseline -0.011 -5"><span class='ocrx_word' id='word_1_654' title='bbox 952 2348 989 2374; x_wconf 86' lang='lat' dir='ltr'>Et</span> <span class='ocrx_word' id='word_1_655' title='bbox 1000 2343 1142 2374; x_wconf 73' lang='lat' dir='ltr'>concessio</span> <span class='ocrx_word' id='word_1_656' title='bbox 1155 2342 1303 2373; x_wconf 75' lang='lat' dir='ltr'>facultatis</span> <span class='ocrx_word' id='word_1_657' title='bbox 1315 2342 1383 2370; x_wconf 84' lang='lat' dir='ltr'>illos</span> <span class='ocrx_word' id='word_1_658' title='bbox 1395 2339 1536 2370; x_wconf 83' lang='lat' dir='ltr'>retinendi</span> <span class='ocrx_word' id='word_1_659' title='bbox 1549 2347 1612 2379; x_wconf 84' lang='lat' dir='ltr'>per-</span> 
     </span>
     <span class='ocr_line' id='line_1_112' title="bbox 917 2382 1611 2416; baseline -0.007 -1"><span class='ocrx_word' id='word_1_660' title='bbox 917 2386 991 2416; x_wconf 83' lang='lat' dir='ltr'>tinet</span> <span class='ocrx_word' id='word_1_661' title='bbox 1001 2384 1038 2414; x_wconf 81' lang='lat' dir='ltr'>ad</span> <span class='ocrx_word' id='word_1_662' title='bbox 1049 2384 1196 2414; x_wconf 83' lang='lat' dir='ltr'>formalem</span> <span class='ocrx_word' id='word_1_663' title='bbox 1219 2382 1500 2412; x_wconf 84' lang='lat' dir='ltr'>dismembrationem</span> <span class='ocrx_word' id='word_1_664' title='bbox 1523 2382 1611 2411; x_wconf 89' lang='lat' dir='ltr'>Paro·</span> 
     </span>
     <span class='ocr_line' id='line_1_113' title="bbox 918 2424 1194 2457; baseline -0.014 0"><span class='ocrx_word' id='word_1_665' title='bbox 918 2425 1024 2457; x_wconf 76' lang='lat' dir='ltr'>chialis</span> <span class='ocrx_word' id='word_1_666' title='bbox 1039 2446 1048 2454; x_wconf 85' lang='lat'><strong>.</strong></span> <span class='ocrx_word' id='word_1_667' title='bbox 1068 2424 1171 2454; x_wconf 79' lang='lat' dir='ltr'>ibidem</span> <span class='ocrx_word' id='word_1_668' title='bbox 1184 2443 1194 2453; x_wconf 85' lang='grc'><strong>.</strong></span> 
     </span>
    </p>

    <p class='ocr_par' dir='ltr' id='par_1_47' title="bbox 913 2459 1614 2587">
     <span class='ocr_line' id='line_1_114' title="bbox 957 2459 1612 2497; baseline -0.012 -1"><span class='ocrx_word' id='word_1_669' title='bbox 957 2467 1024 2497; x_wconf 85' lang='lat' dir='ltr'>Nec</span> <span class='ocrx_word' id='word_1_670' title='bbox 1037 2466 1102 2496; x_wconf 90' lang='lat' dir='ltr'>sunt</span> <span class='ocrx_word' id='word_1_671' title='bbox 1115 2464 1357 2497; x_wconf 77' lang='lat' dir='ltr'>communicandae</span> <span class='ocrx_word' id='word_1_672' title='bbox 1368 2463 1503 2494; x_wconf 75' lang='lat' dir='ltr'>Ecclefiis</span> <span class='ocrx_word' id='word_1_673' title='bbox 1517 2459 1612 2490; x_wconf 86' lang='lat' dir='ltr'>filiali-</span> 
     </span>
     <span class='ocr_line' id='line_1_115' title="bbox 915 2503 1614 2547; baseline -0.003 -11"><span class='ocrx_word' id='word_1_674' title='bbox 915 2508 969 2536; x_wconf 83' lang='lat' dir='ltr'>bus</span> <span class='ocrx_word' id='word_1_675' title='bbox 986 2507 1183 2547; x_wconf 74' lang='lat' dir='ltr'>praerogativae</span> <span class='ocrx_word' id='word_1_676' title='bbox 1208 2506 1382 2546; x_wconf 84' lang='lat' dir='ltr'>pertinentes</span> <span class='ocrx_word' id='word_1_677' title='bbox 1397 2504 1432 2535; x_wconf 78' lang='lat' dir='ltr'>a&#39;d</span> <span class='ocrx_word' id='word_1_678' title='bbox 1446 2511 1544 2534; x_wconf 87' lang='lat' dir='ltr'>verum</span> <span class='ocrx_word' id='word_1_679' title='bbox 1558 2503 1614 2534; x_wconf 65' lang='lat' dir='ltr'>Pa-</span> 
     </span>
     <span class='ocr_line' id='line_1_116' title="bbox 913 2548 1411 2587; baseline -0.002 -10"><span class='ocrx_word' id='word_1_680' title='bbox 913 2549 1035 2579; x_wconf 85' lang='lat' dir='ltr'>rochum</span> <span class='ocrx_word' id='word_1_681' title='bbox 1048 2568 1056 2576; x_wconf 93' lang='lat'><strong>.</strong></span> <span class='ocrx_word' id='word_1_682' title='bbox 1074 2551 1098 2580; x_wconf 70' lang='lat' dir='ltr'>§v-</span> <span class='ocrx_word' id='word_1_683' title='bbox 1108 2548 1327 2587; x_wconf 76' lang='lat' dir='ltr'>Injustumpag.</span> <span class='ocrx_word' id='word_1_684' title='bbox 1342 2549 1411 2576; x_wconf 78' lang='lat'><em>186.</em></span> 
     </span>
    </p>

    <p class='ocr_par' dir='ltr' id='par_1_48' title="bbox 954 2585 1611 2628">
     <span class='ocr_line' id='line_1_117' title="bbox 954 2585 1611 2628; baseline -0.005 -10"><span class='ocrx_word' id='word_1_685' title='bbox 954 2588 1206 2628; x_wconf 80' lang='lat' dir='ltr'>Qemadrnodnrn</span> <span class='ocrx_word' id='word_1_686' title='bbox 1229 2589 1303 2617; x_wconf 70' lang='lat' dir='ltr'>ssolae</span> <span class='ocrx_word' id='word_1_687' title='bbox 1318 2586 1428 2616; x_wconf 82' lang='lat' dir='ltr'>delatio</span> <span class='ocrx_word' id='word_1_688' title='bbox 1439 2602 1449 2616; x_wconf 78' lang='lat'><em>2</em></span> <span class='ocrx_word' id='word_1_689' title='bbox 1471 2585 1499 2612; x_wconf 70' lang='lat'>85</span> <span class='ocrx_word' id='word_1_690' title='bbox 1513 2589 1611 2622; x_wconf 61' lang='lat' dir='ltr'>petet·</span> 
     </span>
    </p>

    <p class='ocr_par' dir='ltr' id='par_1_49' title="bbox 873 2619 1612 2747">
     <span class='ocr_line' id='line_1_118' title="bbox 882 2619 1612 2670; baseline -0.01 -13"><span class='ocrx_word' id='word_1_691' title='bbox 882 2652 887 2657; x_wconf 79' lang='lat'><em>.</em></span> <span class='ocrx_word' id='word_1_692' title='bbox 912 2630 976 2670; x_wconf 82' lang='lat' dir='ltr'>ptio</span> <span class='ocrx_word' id='word_1_693' title='bbox 998 2630 1257 2659; x_wconf 84' lang='lat' dir='ltr'>emolumentorum</span> <span class='ocrx_word' id='word_1_694' title='bbox 1283 2626 1389 2657; x_wconf 79' lang='lat' dir='ltr'>funeris</span> <span class='ocrx_word' id='word_1_695' title='bbox 1411 2623 1556 2665; x_wconf 77' lang='lat' dir='ltr'>pertinent</span> <span class='ocrx_word' id='word_1_696' title='bbox 1575 2619 1612 2649; x_wconf 87' lang='lat' dir='ltr'>ad</span> 
     </span>
     <span class='ocr_line' id='line_1_119' title="bbox 912 2666 1570 2706; baseline -0.011 -6"><span class='ocrx_word' id='word_1_697' title='bbox 912 2669 1004 2700; x_wconf 84' lang='lat' dir='ltr'>solum</span> <span class='ocrx_word' id='word_1_698' title='bbox 1019 2670 1180 2700; x_wconf 86' lang='lat' dir='ltr'>Parochum</span> <span class='ocrx_word' id='word_1_699' title='bbox 1195 2691 1201 2697; x_wconf 92' lang='lat'>.</span> <span class='ocrx_word' id='word_1_700' title='bbox 1224 2671 1249 2702; x_wconf 70' lang='lat'>§-</span> <span class='ocrx_word' id='word_1_701' title='bbox 1264 2668 1479 2706; x_wconf 70' lang='lat' dir='ltr'>Allegaturpag.</span> <span class='ocrx_word' id='word_1_702' title='bbox 1499 2666 1570 2706; x_wconf 72' lang='grc' dir='ltr'>187·ι</span> 
     </span>
     <span class='ocr_line' id='line_1_120' title="bbox 873 2703 1609 2747; baseline -0.011 -3"><span class='ocrx_word' id='word_1_703' title='bbox 873 2711 884 2713; x_wconf 58' lang='grc'>’”</span> <span class='ocrx_word' id='word_1_704' title='bbox 952 2714 991 2743; x_wconf 78' lang='lat' dir='ltr'>Et</span> <span class='ocrx_word' id='word_1_705' title='bbox 1013 2710 1043 2742; x_wconf 91' lang='lat' dir='ltr'>in</span> <span class='ocrx_word' id='word_1_706' title='bbox 1079 2710 1216 2741; x_wconf 73' lang='lat' dir='ltr'>divisione</span> <span class='ocrx_word' id='word_1_707' title='bbox 1241 2707 1403 2747; x_wconf 71' lang='lat' dir='ltr'>affignanda</span> <span class='ocrx_word' id='word_1_708' title='bbox 1425 2706 1462 2737; x_wconf 84' lang='lat' dir='ltr'>est</span> <span class='ocrx_word' id='word_1_709' title='bbox 1492 2703 1609 2742; x_wconf 79' lang='lat' dir='ltr'>dignior</span> 
     </span>
    </p>
   </div>
   <div class='ocr_carea' id='block_1_8' title="bbox 1270 2748 1607 2793">
    <p class='ocr_par' dir='ltr' id='par_1_50' title="bbox 1270 2748 1607 2793">
     <span class='ocr_line' id='line_1_121' title="bbox 1270 2748 1607 2793; baseline 0.003 -13"><span class='ocrx_word' id='word_1_710' title='bbox 1270 2751 1329 2793; x_wconf 79' lang='lat' dir='ltr'>Q</span> <span class='ocrx_word' id='word_1_711' title='bbox 1356 2758 1370 2780; x_wconf 77' lang='lat' dir='ltr'>r-</span> <span class='ocrx_word' id='word_1_712' title='bbox 1539 2748 1607 2781; x_wconf 74' lang='lat' dir='ltr'>P²1³</span> 
     </span>
    </p>
   </div>
  </div>
 </body>
</html>
