1934 2954
529 144 548 167 2

474 143 541 220 {sit
554 178 634 219 ulla
641 181 801 230 fimom'ae
816 182 937 225 labes,
967 182 1029 220 vet
1057 180 1296 228 contemplata
1317 209 1325 218 .
1356 180 1409 218 Et
1438 181 1552 225 juxta
1576 174 1816 222 praedictum

474 232 721 275 Mandatum
738 259 751 278 ‚
783 234 850 273 cui
863 234 993 273 simile
1020 236 1073 273 est
1094 233 1207 271 aliud
1223 231 1488 281 subscriptum
1521 244 1542 269 a
1559 229 1720 274 Pattoja
1740 227 1822 265 Re-

475 285 695 336 fignatario
714 312 727 331 ‚
754 288 874 332 hujus
894 287 1118 335 sumptibus
1135 284 1332 334 expeditae
1350 283 1518 323 fuerunt
1534 281 1686 321 Literae
1701 279 1821 337 Apo*

475 338 624 377 stolicae
639 364 652 382 ,
685 350 779 378 curn
809 339 1088 378 reservatione
1117 337 1312 386 pensionis
1343 335 1534 384 praedistae
1550 361 1561 380 ‚
1592 342 1820 389 enunciato

477 389 683 481 {utquum
699 392 840 431 valore
863 390 902 430 in
919 391 1061 431 annuis
1077 390 1238 429 ducatis
1251 396 1418 428 centum
1435 388 1746 438 ot‘togintaauri
1760 383 1812 424 de

519 454 656 482 amera
670 472 680 481 .

426 492 569 535 Primo
582 506 687 533 anno
703 495 892 535 Moffotti
915 495 1129 544 Refignans
1146 507 1224 533 non
1242 493 1435 532 Decimas
1452 519 1464 537 ‚
1498 502 1545 531 ut
1576 493 1615 531 in
1640 491 1813 539 Apocha

477 556 730 588 convenerat
749 553 762 594 ‚'
791 547 859 588 sed
876 549 1108 597 pensionem
1124 546 1261 596 exegit
1277 575 1289 585 .
1322 546 1373 583 Et
1390 544 1554 590 Pattoja
1583 546 1818 599 Refignataj

476 600 558 638 rius
576 626 589 645 ,
623 601 825 639 :estimatis
845 600 1172 649 reparationibus
1189 623 1202 642 ‚
1229 598 1372 648 quibus
1389 597 1575 636 Ecclefiae
1595 599 1698 637 bona
1718 595 1820 635 indi-

476 652 626 701 gebant
655 664 727 701 pro
744 653 884 692 valore
902 653 1097 691 librarum
1117 651 1398 700 Imperialium
1423 654 1537 696 1768.
1555 674 1566 693 ‚
1584 647 1819 697 compensa·

479 704 640 744 tionem
655 705 871 754 opposuit:
899 717 976 755 qua
995 706 1145 751 rejet‘ta
1167 717 1236 753 per
1253 702 1440 751 Judicem
1459 728 1471 747 ,
1497 705 1739 751 protestatus
1766 699 1821 738 est

477 755 529 795 de
553 756 878 806 reintegratione
905 756 1193 807 consequenda
1212 782 1224 800 ,
1257 765 1379 805 prout
1410 755 1566 800 dejure
1583 785 1591 794 .
1623 752 1814 795 Precibus

478 807 623 859 itaque
666 808 1052 847 SANCTISSIMO
1095 809 1241 848 oblatis
1268 833 1281 852 ‚
1314 820 1399 857 quae
1423 807 1473 845 ad
1487 810 1590 847 hanc
1621 808 1815 846 Sacram„

479 859 858 909 Congregationem
873 860 1038 900 remiffae
1056 862 1145 900 sunt
1165 887 1177 906 ,
1205 861 1423 909 postulavit
1441 859 1603 906 Pattoja
1618 885 1630 904 ‚
1647 870 1692 898 ut
1707 859 1819 897 dam-

477 922 646 950 naretur
662 910 852 950 Moffotti
885 914 1190 962 reparationum
1207 913 1388 959 sumptus
1419 912 1590 951 reddere
1606 939 1617 957 ,
1650 924 1730 950 non
1747 909 1819 948 ob-

475 965 607 1003 stante
626 964 904 1003 conventione
933 977 1005 1014 per
1019 967 1235 1012 Apoeham
1264 964 1365 1002 inita
1386 989 1398 1009 ‚
1429 976 1452 1001 a
1482 977 1560 1014 qua
1584 965 1724 1003 Partes
1754 974 1820 1000 re·-

482 1014 632 1054 cessifl'e
661 1016 904 1055 videbantur
925 1042 938 1062 ‚
988 1017 1106 1056 illam
1148 1015 1429 1055 ommittendo
1467 1015 1506 1054 in
1534 1014 1823 1065 posterioribus

477 1067 687 1105 Mandatis
703 1066 887 1106 Procurae
903 1094 917 1113 ‚
935 1070 973 1108 ἃ
991 1070 1031 1107 in
1043 1068 1197 1107 Literis
1215 1067 1465 1116 Apostolicis
1483 1093 1497 1113 ,
1515 1069 1627 1107 itaut
1643 1066 1819 1116 amplius

476 1117 714 1169 exequenda
728 1132 806 1158 non
823 1118 1285 1170 effet‚quemadmodum
1302 1127 1505 1169 exequuta
1523 1133 1599 1159 non
1616 1118 1696 1159 fuit
1710 1119 1819 1157 alte-

478 1183 522 1211 ra
538 1171 763 1211 conventio
777 1172 1030 1222 percipiendi
1062 1173 1192 1222 primo
1208 1183 1312 1211 anno
1328 1171 1522 1210 Decimas
1540 1173 1632 1211 loco
1663 1171 1814 1219 pensios

478 1225 542 1264 nis
559 1249 572 1269 ,
605 1236 694 1275 quae
718 1224 874 1274 pariter
899 1224 1050 1274 scripta
1070 1224 1204 1264 fuerat
1221 1223 1261 1265 in
1278 1226 1449 1272 Apocha
1469 1249 1482 1268 ‚
1509 1224 1576 1264 sed
1593 1224 1632 1262 in
1647 1222 1821 1261 Manda-

477 1278 535 1317 tis
551 1300 565 1319 ,
582 1277 620 1316 3<
637 1275 792 1315 Literis
809 1277 1009 1326 praedietis
1024 1276 1208 1316 ommiffa
1220 1290 1236 1316 ,-
1265 1279 1359 1315 cum
1375 1276 1599 1324 praesertim
1616 1287 1740 1326 grave
1756 1274 1822 1314 ni-

479 1329 560 1369 mis
578 1326 687 1367 foret
706 1328 980 1377 Refignatario
993 1336 1019 1377 ,“
1039 1331 1119 1370 suis
1135 1328 1359 1377 sumptibus
1375 1329 1561 1368 Ecclefiae
1578 1330 1679 1367 bona
1708 1338 1824 1376 repa-

479 1392 570 1420 rare
597 1405 612 1426 ‚
653 1380 694 1420 &
721 1391 897 1422 annuam
926 1382 1157 1432 pensionem
1196 1381 1298 1420 scut.
1316 1385 1378 1420 80.
1410 1380 1643 1431 Refignanti
1671 1379 1822 1428 persol-

478 1444 601 1473 vere.

423 1487 519 1530 Post
533 1483 724 1524 auditum
747 1483 800 1524 de
812 1497 926 1525 more
939 1485 1183 1535 Episcopum
1202 1510 1217 1530 ‚
1248 1498 1270 1524 a
1287 1498 1366 1535 quo
1385 1486 1509 1525 Sacrae
1523 1482 1821 1535 Congregatio·

479 1538 541 1578 nis
555 1536 656 1583 juffu
685 1537 870 1577 monitus
884 1536 964 1578 fuit
982 1537 1172 1577 Moffotti
1187 1564 1200 1583 ‚
1231 1537 1263 1578 is
1280 1538 1332 1576 de
1346 1539 1533 1586 pensione
1561 1550 1640 1576 non
1657 1538 1789 1576 minus
1801 1552 1824 1578 φ

482 1590 606 1642 quam
622 1590 674 1629 de
687 1590 994 1638 reparationum
1011 1591 1174 1640 sumptu
1191 1589 1496 1634 sollicitus‚duo
1513 1590 1645 1628 Dubia
1660 1599 1816 1629 utram-

479 1655 558 1694 que
573 1641 828 1692 quaestionem
842 1643 1103 1691 respicientia
1119 1642 1305 1681 subscribi
1320 1651 1481 1681 curavrt
1501 1671 1510 1682 .
1543 1643 1595 1681 Et
1613 1653 1720 1680 nunc
1734 1639 1818 1679 dis-

477 1703 597 1744 putat
613 1691 801 1733 Moflbtti
818 1719 830 1739 ‚
858 1695 1083 1745 quodlicet
1098 1694 1368 1734 Beneficiatus
1387 1691 1579 1734 Deceffor
1610 1693 1814 1733 reddere)

478 1755 672 1786 teneatur
690 1745 912 1786 Succeffori
926 1747 1108 1796 sumptus
1126 1747 1430 1796 reparationum
1448 1759 1471 1785 a
1485 1747 1524 1785 se
1538 1743 1819 1784 ommiffarum

484 1799 525 1838 in
540 1798 660 1837 Bonis
675 1797 862 1837 Ecclefiae
878 1822 891 1843 ,
909 1810 956 1838 ex
970 1799 1140 1839 firmatis
1156 1810 1226 1847 per
1243 1801 1376 1839 Rotam
1391 1803 1430 1836 in
1442 1798 1606 1836 Romana
1623 1799 1711 1847 ‚seu
1723 1797 1822 1836 Rbe-

479 1854 581 1902 gien.
598 1852 881 1899 Reparationum
894 1863 932 1899 4.
946 1853 1084 1899 Martii
1104 1856 1216 1899 1746.
1234 1859 1272 1893 π.
1279 1864 1314 1894 3.
1331 1864 1451 1890 coram
1471 1850 1748 1899 Eminenttffimo
1759 1850 1817 1889 D.

485 1904 597 1942 eard.
627 1904 789 1950 Capram
811 1916 827 1942 ,-
868 1912 1054 1943 attamen
1082 1903 1326 1952 exceptione
1358 1903 1445 1942 doli
1479 1902 1744 1952 repellendus
1767 1901 1820 1941 fit

483 1955 679 2000 Pattoja,
709 1954 778 2005 qui
793 1955 910 2003 paeto
926 1964 1133 1997 convento
1164 1955 1204 1993 in
1236 1956 1276 1994 se
1304 1952 1507 2003 assumpsit
1535 1966 1636 1994 onus
1661 1964 1823 2002 repara-

480 2007 645 2046 tionum
681 2006 918 2047 incumbens
944 2005 1202 2047 Antecessori
1220 2032 1232 2052 ,
1264 2006 1313 2046 ad
1342 2007 1496 2046 tradita
1525 2018 1597 2055 per
1622 2009 1755 2046 Rotam
1778 2007 1823 2044 in

481 2059 745 2098 Acheruntina
760 2059 983 2098 pecuniaria
1001 2073 1063 2110 24.
1079 2060 1231 2111 Aprilis
1260 2072 1375 2108 1750.
1396 2059 1476 2110 ξας..
1505 2073 1621 2099 coram
1631 2059 1821 2099 Reverem

479 2113 612 2161 diffimo
632 2111 789 2151 Cortadiz
801 2143 810 2152 .

428 2164 518 2205 Nec
536 2165 907 2213 putat‚novationis
924 2175 1210 2217 argumentum
1220 2167 1321 2207 oriri
1349 2169 1396 2207 ab
1412 2164 1596 2206 ommiffa
1614 2168 1731 2212 hujus
1744 2172 1816 2212 pa-

481 2216 540 2256 sti
564 2216 778 2257 mentione
795 2218 834 2256 in
850 2218 1053 2259 Mandato
1065 2220 1248 2260 Procurae
1266 2244 1279 2264 ,
1311 2220 1419 2271 quod
1437 2219 1557 2258 unice
1581 2216 1733 2258 fastum
1763 2214 1818 2254 est

483 2281 557 2320 pro
579 2269 772 2308 consensu
796 2271 1056 2320 resignationi
1073 2273 1290 2320 praestando
1308 2273 1413 2322 apud
1426 2272 1612 2311 Sant‘tam
1641 2267 1818 2310 Sedem‚

479 2321 534 2361 ad
551 2319 726 2360 formam
740 2320 904 2372 Regulae
918 2335 986 2373 45.
1005 2323 1293 2365 Cancellariae:
1321 2334 1393 2365 aut
1409 2326 1430 2364 a
1445 2324 1708 2364 Decimarum
1723 2330 1818 2358 exa-

477 2373 616 2412 ctione
647 2373 778 2422 primo
792 2387 895 2413 anno
923 2377 1112 2425 neglet‘ta
1145 2389 1193 2416 ex
1210 2377 1336 2418 libera
1371 2378 1588 2417 voluntate
1605 2373 1818 2421 Refignan-

484 2425 568 2466 tis-5
595 2427 691 2467 eum
707 2426 879 2467 novatio
895 2438 1077 2477 apertam
1107 2430 1270 2479 exigens
1305 2430 1434 2469 animi
1462 2425 1821 2467 declarationem..

483 2477 610 2519 facile
628 2490 707 2519 non
725 2479 943 2519 inducatur
963 2492 1010 2520 ex
1029 2481 1078 2520 iis
1096 2507 1109 2527 ‚
1137 2494 1223 2532 quae
1242 2481 1291 2521 ad
1310 2483 1439 2522 alium
1465 2477 1654 2519 effectum
1681 2478 1820 2526 gestad

476 2529 574 2568 sunt
591 2553 605 2574 ‚
633 2539 679 2570 ut
699 2530 898 2578 ponderat
923 2532 1022 2572 Rota
1041 2537 1080 2572 in
1094 2536 1256 2573 Romana
1285 2535 1483 2582 resec'liom's
1509 2532 1727 2569 damnorum
1762 2541 1824 2572 13.

482 2580 665 2629 ‘Januarit‘
690 2597 804 2632 1747.
831 2592 914 2628 923,
935 2599 1059 2624 coram
1072 2588 1344 2637 Eminentiffimo
1376 2588 1428 2625 D.
1441 2583 1640 2623 Cardinali
1667 2582 1780 2630 Buffio
1806 2607 1822 2619 .

474 2631 605 2687 Qsslf’d
620 2645 717 2688 vero
727 2635 874 2692 eadem
891 2638 1118 2677 conventio
1136 2637 1326 2688 expreffa,
1343 2639 1381 2678 81.
1398 2637 1619 2685 approbata
1636 2647 1715 2673 nou
1730 2633 1824 2673 fue·

478 2691 537 2731 sit
550 2694 590 2724 m
605 2681 755 2727 Literis
771 2689 1018 2737 Apostolicis
1036 2713 1049 2736 2
1083 2690 1124 2732 id
1140 2691 1277 2732 censet
1296 2689 1401 2732 vitio
1429 2688 1600 2736 Pattojae
1632 2687 1818 2778 tribulen-

511 2772 515 2774 v
1754 2751 1824 2779 um
