1934 2954
1357 151 1426 186 191

83 193 216 237 variis
235 189 475 241 assignatum
504 186 770 238 Margharitae
789 184 930 226 Piani‚·
959 185 998 225 Sc
1013 185 1095 234 post
1111 187 1299 229 auditum
1326 190 1426 238 Epi-
1462 227 1466 230 .

92 251 284 297 scopum,
302 243 369 293 qui
389 254 542 292 aequam
559 250 679 290 putat
693 267 705 286 ‚
733 241 771 280 St
786 241 924 286 justam
944 239 1193 279 eleffionem
1208 253 1228 279 a
1246 243 1425 283 Manlio-

92 300 211 342 nariis
237 296 385 338 saetam
401 322 414 345 ⁷
442 294 571 336 Causa
588 306 693 334 nunc
714 292 954 350 proponitur
972 318 985 338 ,
1020 301 1194 344 quatuor
1205 296 1418 335 collesta„

86 351 294 403 capitibus
312 380 322 391 .
1460 385 1467 388 .

37 405 294 452 Elet‘tionem
312 401 574 452 Margharitae
593 401 708 442 Piani
725 409 895 442 tuentur
913 399 1180 439 Mansionarii
1197 400 1263 438 sub
1278 400 1419 448 primis

87 458 242 498 duobus
260 454 403 495 Dubiis
419 468 433 495 ,·
462 458 553 494 cum
574 456 642 493 illa
660 454 844 493 omnibus
873 453 1036 500 praedita
1069 452 1118 490 fit
1145 453 1419 502 qualitatibus

87 523 113 552 a
129 509 342 550 Testatore
368 506 605 557 praescriptis
625 532 638 551 ‚
667 519 712 546 ac
732 507 839 546 inter
854 508 1050 556 orphanas
1065 531 1078 550 ‚
1108 505 1146 544 Sc
1178 505 1422 551 periclitan-

90 572 156 603 tes
187 561 386 611 praecipue
406 560 715 601 commendatas
751 559 1000 599 aTestatore
1022 585 1033 604 ‚
1061 567 1382 596 connumeretur
1413 586 1423 597 .

88 614 280 655 Honestis
297 613 408 653 enim
421 639 432 658 ‚
447 613 516 653 sed
531 612 798 662 pauperrimis
820 620 908 650 ort-a
924 610 1164 650 Parentibus
1180 636 1193 654 ‚
1223 609 1344 649 Patre
1361 622 1424 648 or-

89 669 185 708 bata
197 667 251 708 est
264 680 278 707 2·
307 666 471 715 ejusque
489 665 629 705 Mater
656 664 789 704 Vidua
807 690 819 710 ,
837 673 1010 713 quatuor
1026 662 1118 702 aliis
1147 662 1425 712 impuberibus

91 719 190 760 filiis
217 718 405 759 masculis
423 743 435 763 ‚
466 718 504 758 ὃς
517 715 699 756 foeminis
715 718 850 756 onusta
867 741 878 762 ,
911 716 1183 755 miserrimam
1199 715 1328 754 vitam
1346 715 1422 753 du-

94 773 155 812 cit
173 798 186 817 ‚
216 770 515 820 majoribusque
542 777 800 818 premeretur
817 769 1031 817 angustiis,
1064 768 1135 806 nisi
1164 766 1423 816 Margharita

91 825 136 865 in
148 822 396 864 Monasterio
413 846 426 867 ‚
445 823 484 862 &
499 822 580 861 duo
595 821 692 861 Filii
710 821 748 861 in
765 820 925 860 Semina
935 822 995 860 rio
1017 820 1224 859 Fidelium
1240 821 1426 858 eleemo-

90 877 199 927 synis
212 877 423 915 alerentur
437 888 452 915 ,·
483 873 541 914 ita
558 883 602 913 ut
620 874 647 913 fi
665 873 714 913 ad
730 873 913 913 Matrem
928 872 1107 913 Viduam
1124 896 1137 915 ‚
1152 873 1310 912 sublato
1326 871 1424 910 Sub·-

87 928 191 970 fidio
208 954 222 976 ‚
239 927 371 969 redire
386 935 604 977 cogeretur
623 925 878 976 Margharita
894 950 906 970 ‚
924 926 1030 966 haud
1051 924 1290 973 imprudens
1304 924 1426 962 subo-

87 982 220 1022 riatur
250 981 376 1020 timor
391 978 566 1030 periculi
582 1004 597 1025 ,
621 979 689 1019 cui
707 987 980 1032 exponeretur
1008 976 1185 1020 assorida
1199 985 1319 1016 aetate
1335 977 1426 1022 jun-

36 1072 43 1080 1
93 1035 157 1074 sta
173 1033 348 1074 miseriis
366 1062 375 1074 .

33 1085 88 1127 'In
105 1087 303 1126 concursu
320 1085 461 1137 itaque
480 1085 598 1132 hujus
616 1084 850 1126 miserandae
867 1084 1019 1126 Puellae
1037 1109 1051 1129 ,
1069 1086 1320 1124 arbitrantur
1336 1106 1349 1126 ‚
1366 1080 1427 1120 ni·-

90 1138 153 1179 hil
171 1137 378 1189 suffragari
396 1138 614 1179 franciscae
647 1151 668 1179 a
682 1138 871 1178 Flumine
899 1138 1182 1188 praelationem
1201 1150 1223 1176 a
1239 1136 1428 1175 Testato-

90 1204 135 1231 re
150 1190 290 1231 datam
306 1191 673 1231 Mansionariorum
699 1191 874 1241 Agnatis
891 1204 906 1231 3
937 1190 1031 1241 quia
1067 1189 1255 1230 Testator
1284 1187 1432 1227 condi-

88 1244 254 1283 tionem
268 1243 425 1291 adjecit
443 1269 456 1290 ‚
479 1246 616 1294 purche
630 1245 819 1295 lesudette
836 1243 977 1282 Zitelle
1004 1244 1154 1281 abbiano
1172 1243 1200 1280 h·
1216 1242 1346 1279 dovuci
1373 1253 1430 1278 re·-

88 1297 239 1347 quifitis
269 1297 308 1337 &
325 1296 421 1336 iden
438 1296 546 1336 inter
563 1306 730 1336 vocatas
750 1295 1037 1336 connumerari
1054 1295 1200 1345 nequit
1217 1290 1428 1332 Francisca

89 1361 115 1389 a
132 1348 320 1388 Flumine
340 1373 353 1393 2
384 1361 467 1399 quae
483 1348 722 1398 vigesimum
738 1360 887 1388 annum
903 1344 1180 1397 praetergressa
1198 1352 1315 1384 caret
1327 1355 1431 1392 prae-

85 1400 211 1441 finitae
226 1401 362 1441 aetatis
378 1400 595 1452 requisito.
626 1400 718 1441 Nec
735 1399 1024 1450 dispensationi
1054 1400 1196 1439 locum
1228 1394 1303 1436 effe
1330 1407 1432 1434 con-
1482 1400 1486 1401 ’

88 1452 294 1494 tendunts
325 1466 420 1493 cum
436 1452 651 1492 arbitrium
682 1452 938 1501 d1spensandi
963 1464 986 1491 a
1014 1450 1231 1491 Testatore
1258 1448 1431 1486 datum-2

87 1504 378 1544 Mansionariis
408 1517 488 1544 non
503 1504 651 1545 debeat
682 1505 940 1546 coaetionem
968 1515 1109 1553 parere
1143 1502 1228 1542 illis
1246 1499 1391 1539 invitis
1411 1522 1430 1542 ‚

87 1557 189 1598 dum
220 1558 394 1606 cupiunt
425 1556 618 1597 idoneam
649 1559 805 1608 eligere
830 1571 845 1599 2·
875 1556 1101 1607 praesertim
1127 1555 1337 1605 postquam
1367 1554 1430 1607 ju}

89 1609 302 1661 quaesitum
317 1612 371 1650 est
399 1610 541 1649 elet‘tae
571 1610 725 1650 Puelloe
739 1636 753 1656 ‚
782 1623 868 1660 quae
888 1609 1046 1648 intuitu
1079 1606 1225 1648 collati
1255 1603 1431 1642 Subsm'u

92 1661 144 1701 ad
159 1662 344 1701 habitum
359 1662 606 1711 Regularem
633 1659 797 1702 admissa
815 1660 896 1701 fuit
923 1674 965 1701 re
991 1662 1180 1711 integra,
1208 1665 1306 1697 ante
1337 1666 1434 1704 pro-

92 1714 360 1753 vocationem
397 1713 618 1753 Francisc‘ae
651 1727 672 1754 a
693 1714 880 1753 Flumine
897 1741 906 1752 .
931 1713 1159 1761 ‘Minusque
1184 1716 1332 1759 putant
1359 1706 1435 1746 ad-

88 1765 244 1805 versari
261 1765 374 1804 aliud
389 1766 598 1810 objectum*
612 1778 634 1804 a
649 1765 859 1804 Francisca
875 1763 1104 1811 oppositum
1122 1788 1134 1806 ‚
1154 1760 1263 1811 quod
1278 1758 1434 1798 elestio

86 1815 358 1866 Margharitae
389 1814 496 1855 faeta
521 1817 567 1855 fit
594 1825 690 1856 ante
721 1815 978 1863 completum
1006 1813 1047 1851 in
1074 1813 1225 1850 Monte
1250 1809 1447 1848 Pietatisv

89 1868 318 1918 depofitum
334 1869 544 1906 scutorum
558 1871 649 1914 45b.
673 1880 696 1907 a
715 1866 924 1906 Testatore
953 1864 1236 1914 praescriptum
1252 1875 1267 1901 3
1301 1861 1430 1910 quia..-

87 1933 165 1960 nec
181 1928 296 1960 tanta
319 1917 544 1970 requiritur
571 1917 657 1956 Dos
686 1929 758 1967 pro
786 1916 1079 1956 monachandis
1110 1917 1149 1954 in
1178 1912 1428 1952 Monasterio

85 1971 442 2023 Cappuccinarum
473 1996 486 2016 ,
532 1981 609 2009 nec
637 1982 783 2010 revera
814 1970 959 2009 deerat
992 1967 1222 2015 depositum
1262 1964 1432 2013 integrae
1483 1995 1485 1997 .

91 2024 336 2077 quantitatis
353 2024 454 2062 scut.
471 2032 562 2071 450.
585 2025 600 2066 '‚
616 2030 787 2071 quorum
803 2029 890 2068 pars
910 2019 948 2057 in
966 2030 1043 2057 aere
1061 2018 1272 2057 consistens
1288 2040 1301 2060 ‚
1333 2027 1432 2054 cum

90 2078 276 2117 recusata
293 2072 430 2115 fuiffet
444 2086 464 2114 a
480 2076 632 2115 Monte
648 2071 824 2112 Pietatis
839 2096 851 2118 ,
867 2070 1048 2122 deposita
1063 2077 1152 2109 erat
1167 2069 1208 2108 in
1226 2066 1431 2108 Archivio

92 2128 461 2170 Mansionariorum
477 2155 487 2166 .

39 2182 142 2227 'Alia
157 2183 236 2221 duo
253 2180 389 2220 Dubia
416 2178 606 2228 expensas
622 2177 741 2223 hujus
758 2175 847 2215 litis
861 2175 1111 2227 respiciunt,
1131 2185 1231 2226 quas
1250 2172 1430 2212 Manfio·

92 2235 199 2274 narii
231 2231 460 2272 defendunt
490 2228 598 2281 poffe
639 2228 909 2269 haereditariis
943 2227 1127 2278 pecuniis
1163 2226 1381 2265 substinere
1411 2247 1428 2268 ,

91 2299 190 2326 cum
215 2285 438 2334 respiciant
482 2282 804 2331 exequutionem
836 2279 1067 2320 voluntatis
1102 2279 1160 2329 pii
1198 2275 1427 2316 Testatoris

89 2338 269 2389 ipsorum
284 2350 388 2377 curae
401 2333 619 2375 commiffae
634 2360 648 2380 ‚
674 2343 720 2374 ut
737 2335 894 2374 censuit
912 2336 990 2372 haec
1008 2332 1128 2372 Sacra
1144 2328 1427 2378 Congregatio

93 2394 134 2430 in
163 2391 394 2430 Mae-vitano
443 2389 728 2429 commutationis
758 2387 954 2426 voluntatis
1001 2398 1064 2424 20.
1093 2383 1315 2423 Decembris
1360 2393 1428 2419 an-

95 2445 135 2482 πὶ
168 2458 184 2482 1
219 2448 282 2483 60.

150 2457 435 2545 Di7gnabuntur
454 2494 598 2545 itaque
615 2492 694 2532 EF..
708 2489 798 2532 VV.
815 2490 1039 2532 decernere
1423 2525 1428 2530 .

48 2547 82 2588 1.
149 2547 225 2586 An
243 2548 448 2597 Subsidium
470 2545 607 2586 Dotale
622 2544 847 2590 Bartolazzi
864 2549 950 2591 rite,
967 2547 1012 2590 ξφ
1027 2543 1120 2583 νεδῖε
1136 2539 1433 2588 collatumfuerie

152 2598 293 2638 Puellae
306 2600 549 2649 Margharitae
568 2598 680 2637 Pium·
692 2597 714 2635 ,Ρ
729 2584 767 2637 Sl
779 2606 978 2648 quatenus
992 2594 1188 2645 negative
1209 2623 1220 2633 .

47 2651 112 2695 11.-
156 2651 230 2689 An
239 2653 295 2699 fit*
302 2653 399 2691 locus
414 2651 673 2702 dispensationi
680 2650 790 2699 super
800 2653 917 2690 aetatir
929 2649 1088 2702 exceffu,
1109 2649 1153 2695 (θ’
1167 2644 1349 2688 collationi
1365 2641 1424 2683 di-

110 2765 121 2789 a
149 2703 199 2745 θ,-
213 2705 377 2754 Subfian
391 2704 598 2756 Franciscc
613 2703 819 2750 “Flumine
832 2700 857 2748 ᾗ
1206 2746 1298 2795 111·
1352 2743 1428 2787 Aa
