<?xml version="1.0" encoding="UTF-8"?>
<!DOCTYPE html PUBLIC "-//W3C//DTD XHTML 1.0 Transitional//EN"
    "http://www.w3.org/TR/xhtml1/DTD/xhtml1-transitional.dtd">
<html xmlns="http://www.w3.org/1999/xhtml" xml:lang="en" lang="en">
 <head>
  <title>
</title>
<meta http-equiv="Content-Type" content="text/html;charset=utf-8" />
  <meta name='ocr-system' content='tesseract 3.04.00' />
  <meta name='ocr-capabilities' content='ocr_page ocr_carea ocr_par ocr_line ocrx_word'/>
</head>
<body>
  <div class='ocr_page' id='page_1' title='image "./thesaurusresolut30cath_0145.png"; bbox 0 0 1934 2954; ppageno 0'>
   <div class='ocr_carea' id='block_1_1' title="bbox 15 165 1403 2714">
    <p class='ocr_par' dir='ltr' id='par_1_1' title="bbox 67 165 1402 774">
     <span class='ocr_line' id='line_1_1' title="bbox 1331 167 1372 196; baseline 0 0"><span class='ocrx_word' id='word_1_1' title='bbox 1331 167 1372 196; x_wconf 83' lang='lat'>13</span> 
     </span>
     <span class='ocr_line' id='line_1_2' title="bbox 70 165 1401 248; baseline 0.001 -4"><span class='ocrx_word' id='word_1_2' title='bbox 70 204 376 245; x_wconf 82' lang='lat' dir='ltr'>reclamandum</span> <span class='ocrx_word' id='word_1_3' title='bbox 393 229 403 248; x_wconf 91' lang='lat'><strong>‚</strong></span> <span class='ocrx_word' id='word_1_4' title='bbox 420 203 446 241; x_wconf 82' lang='lat' dir='ltr'>fi</span> <span class='ocrx_word' id='word_1_5' title='bbox 461 203 559 248; x_wconf 84' lang='lat' dir='ltr'>justa</span> <span class='ocrx_word' id='word_1_6' title='bbox 574 202 741 243; x_wconf 77' lang='lat' dir='ltr'>subesset</span> <span class='ocrx_word' id='word_1_7' title='bbox 760 204 878 241; x_wconf 83' lang='lat' dir='ltr'>causa</span> <span class='ocrx_word' id='word_1_8' title='bbox 894 228 905 247; x_wconf 88' lang='lat'><strong>‚</strong></span> <span class='ocrx_word' id='word_1_9' title='bbox 936 202 1257 243; x_wconf 80' lang='lat' dir='ltr'>&amp;nihilominus</span> <span class='ocrx_word' id='word_1_10' title='bbox 1283 165 1401 245; x_wconf 70' lang='lat' dir='ltr'>solliZ</span> 
     </span>
     <span class='ocr_line' id='line_1_3' title="bbox 69 254 1400 304; baseline -0.002 -7"><span class='ocrx_word' id='word_1_11' title='bbox 69 258 305 297; x_wconf 88' lang='lat' dir='ltr'>citumeum</span> <span class='ocrx_word' id='word_1_12' title='bbox 322 256 456 295; x_wconf 92' lang='lat' dir='ltr'>tenuit</span> <span class='ocrx_word' id='word_1_13' title='bbox 482 257 685 304; x_wconf 82' lang='lat' dir='ltr'>cogitatio</span> <span class='ocrx_word' id='word_1_14' title='bbox 703 255 942 295; x_wconf 67' lang='lat' dir='ltr'>emittendae</span> <span class='ocrx_word' id='word_1_15' title='bbox 969 254 1238 304; x_wconf 79' lang='lat' dir='ltr'>professionis‚</span> <span class='ocrx_word' id='word_1_16' title='bbox 1257 259 1400 302; x_wconf 55' lang='lat' dir='ltr'>juxta-1</span> 
     </span>
     <span class='ocr_line' id='line_1_4' title="bbox 73 304 1398 358; baseline -0.001 -10"><span class='ocrx_word' id='word_1_17' title='bbox 73 310 190 349; x_wconf 87' lang='lat' dir='ltr'>unius</span> <span class='ocrx_word' id='word_1_18' title='bbox 204 310 357 349; x_wconf 61' lang='lat' dir='ltr'>dictum</span> <span class='ocrx_word' id='word_1_19' title='bbox 373 337 382 346; x_wconf 84' lang='lat'><strong>.</strong></span> <span class='ocrx_word' id='word_1_20' title='bbox 408 306 498 346; x_wconf 89' lang='lat' dir='ltr'>Nec</span> <span class='ocrx_word' id='word_1_21' title='bbox 516 308 623 347; x_wconf 86' lang='lat' dir='ltr'>deest</span> <span class='ocrx_word' id='word_1_22' title='bbox 638 308 742 347; x_wconf 88' lang='lat' dir='ltr'>alter</span> <span class='ocrx_word' id='word_1_23' title='bbox 759 304 946 353; x_wconf 80' lang='lat' dir='ltr'>asserens,</span> <span class='ocrx_word' id='word_1_24' title='bbox 967 308 1004 345; x_wconf 89' lang='lat' dir='ltr'>in</span> <span class='ocrx_word' id='word_1_25' title='bbox 1018 307 1192 358; x_wconf 87' lang='lat' dir='ltr'>quadam</span> <span class='ocrx_word' id='word_1_26' title='bbox 1223 309 1366 347; x_wconf 79' lang='lat' dir='ltr'>scheda</span> <span class='ocrx_word' id='word_1_27' title='bbox 1384 333 1398 352; x_wconf 86' lang='lat'><strong>‚</strong></span> 
     </span>
     <span class='ocr_line' id='line_1_5' title="bbox 73 357 1398 412; baseline -0.002 -11"><span class='ocrx_word' id='word_1_28' title='bbox 73 374 158 412; x_wconf 74' lang='lat' dir='ltr'>quae</span> <span class='ocrx_word' id='word_1_29' title='bbox 178 359 307 401; x_wconf 86' lang='lat' dir='ltr'>fertur</span> <span class='ocrx_word' id='word_1_30' title='bbox 323 361 372 398; x_wconf 88' lang='lat' dir='ltr'>ab</span> <span class='ocrx_word' id='word_1_31' title='bbox 395 360 596 410; x_wconf 84' lang='lat' dir='ltr'>aliquibus</span> <span class='ocrx_word' id='word_1_32' title='bbox 614 361 726 400; x_wconf 84' lang='lat' dir='ltr'>annis</span> <span class='ocrx_word' id='word_1_33' title='bbox 756 359 844 398; x_wconf 88' lang='lat' dir='ltr'>fieri</span> <span class='ocrx_word' id='word_1_34' title='bbox 873 357 1123 399; x_wconf 77' lang='lat' dir='ltr'>consueviffe</span> <span class='ocrx_word' id='word_1_35' title='bbox 1150 360 1281 409; x_wconf 88' lang='lat' dir='ltr'>pridie</span> <span class='ocrx_word' id='word_1_36' title='bbox 1300 361 1398 398; x_wconf 89' lang='lat' dir='ltr'>Pro-</span> 
     </span>
     <span class='ocr_line' id='line_1_6' title="bbox 70 411 1400 462; baseline -0.002 -9"><span class='ocrx_word' id='word_1_37' title='bbox 70 411 460 462; x_wconf 73' lang='lat' dir='ltr'>feffionis‚cujusque</span> <span class='ocrx_word' id='word_1_38' title='bbox 478 421 597 452; x_wconf 82' lang='lat' dir='ltr'>tenor</span> <span class='ocrx_word' id='word_1_39' title='bbox 613 412 739 452; x_wconf 90' lang='lat' dir='ltr'>necin</span> <span class='ocrx_word' id='word_1_40' title='bbox 758 411 937 460; x_wconf 81' lang='lat' dir='ltr'>processu</span> <span class='ocrx_word' id='word_1_41' title='bbox 954 412 1123 460; x_wconf 85' lang='lat' dir='ltr'>legitur,</span> <span class='ocrx_word' id='word_1_42' title='bbox 1140 425 1213 452; x_wconf 88' lang='lat' dir='ltr'>nee</span> <span class='ocrx_word' id='word_1_43' title='bbox 1242 413 1283 451; x_wconf 91' lang='lat' dir='ltr'>in</span> <span class='ocrx_word' id='word_1_44' title='bbox 1305 412 1400 450; x_wconf 84' lang='lat' dir='ltr'>Par—-</span> 
     </span>
     <span class='ocr_line' id='line_1_7' title="bbox 68 463 1401 509; baseline -0.002 -4"><span class='ocrx_word' id='word_1_45' title='bbox 68 465 178 505; x_wconf 88' lang='lat' dir='ltr'>tium</span> <span class='ocrx_word' id='word_1_46' title='bbox 191 465 418 504; x_wconf 84' lang='lat' dir='ltr'>summariis</span> <span class='ocrx_word' id='word_1_47' title='bbox 435 463 927 509; x_wconf 78' lang='lat' dir='ltr'>circumfertur,omiffum</span> <span class='ocrx_word' id='word_1_48' title='bbox 944 478 966 503; x_wconf 87' lang='lat' dir='ltr'>a</span> <span class='ocrx_word' id='word_1_49' title='bbox 987 465 1027 503; x_wconf 87' lang='lat' dir='ltr'>P.</span> <span class='ocrx_word' id='word_1_50' title='bbox 1043 463 1269 504; x_wconf 86' lang='lat' dir='ltr'>AEmiliano</span> <span class='ocrx_word' id='word_1_51' title='bbox 1285 463 1401 503; x_wconf 74' lang='lat' dir='ltr'>fuiise</span> 
     </span>
     <span class='ocr_line' id='line_1_8' title="bbox 70 517 1399 568; baseline -0.001 -12"><span class='ocrx_word' id='word_1_52' title='bbox 70 518 243 556; x_wconf 83' lang='lat' dir='ltr'>verbum</span> <span class='ocrx_word' id='word_1_53' title='bbox 262 534 288 554; x_wconf 92' lang='lat'><strong><em>=</em></strong></span> <span class='ocrx_word' id='word_1_54' title='bbox 312 521 414 556; x_wconf 72' lang='lat' dir='ltr'>Serio</span> <span class='ocrx_word' id='word_1_55' title='bbox 431 519 587 568; x_wconf 86' lang='lat' dir='ltr'>:,quod</span> <span class='ocrx_word' id='word_1_56' title='bbox 605 517 842 566; x_wconf 80' lang='lat' dir='ltr'>supponitur</span> <span class='ocrx_word' id='word_1_57' title='bbox 857 517 986 557; x_wconf 80' lang='lat' dir='ltr'>adesse</span> <span class='ocrx_word' id='word_1_58' title='bbox 1007 518 1045 556; x_wconf 90' lang='lat' dir='ltr'>in</span> <span class='ocrx_word' id='word_1_59' title='bbox 1073 517 1271 565; x_wconf 73' lang='lat' dir='ltr'>exemplis</span> <span class='ocrx_word' id='word_1_60' title='bbox 1295 518 1399 555; x_wconf 75' lang='lat' dir='ltr'>alia·</span> 
     </span>
     <span class='ocr_line' id='line_1_9' title="bbox 69 568 1402 619; baseline -0.002 -9"><span class='ocrx_word' id='word_1_61' title='bbox 69 581 159 610; x_wconf 83' lang='lat' dir='ltr'>rum</span> <span class='ocrx_word' id='word_1_62' title='bbox 179 571 472 610; x_wconf 85' lang='lat' dir='ltr'>Schedularum</span> <span class='ocrx_word' id='word_1_63' title='bbox 491 569 832 619; x_wconf 77' lang='lat' dir='ltr'>praeseferentium</span> <span class='ocrx_word' id='word_1_64' title='bbox 863 570 1167 617; x_wconf 68' lang='lat' dir='ltr'>dispositionem</span> <span class='ocrx_word' id='word_1_65' title='bbox 1193 570 1320 608; x_wconf 87' lang='lat' dir='ltr'>animi</span> <span class='ocrx_word' id='word_1_66' title='bbox 1350 568 1402 607; x_wconf 88' lang='lat' dir='ltr'>ad</span> 
     </span>
     <span class='ocr_line' id='line_1_10' title="bbox 69 620 1401 672; baseline -0.002 -11"><span class='ocrx_word' id='word_1_67' title='bbox 69 622 347 662; x_wconf 83' lang='lat' dir='ltr'>emittendam</span> <span class='ocrx_word' id='word_1_68' title='bbox 367 621 666 672; x_wconf 70' lang='lat' dir='ltr'>professionems</span> <span class='ocrx_word' id='word_1_69' title='bbox 687 621 732 659; x_wconf 91' lang='lat' dir='ltr'>In</span> <span class='ocrx_word' id='word_1_70' title='bbox 752 621 834 670; x_wconf 87' lang='lat' dir='ltr'>ipso</span> <span class='ocrx_word' id='word_1_71' title='bbox 853 622 1013 671; x_wconf 79' lang='lat' dir='ltr'><strong>insuper</strong></span> <span class='ocrx_word' id='word_1_72' title='bbox 1031 622 1121 661; x_wconf 62' lang='lat' dir='ltr'>anu</span> <span class='ocrx_word' id='word_1_73' title='bbox 1141 620 1401 661; x_wconf 81' lang='lat' dir='ltr'>Profellionis</span> 
     </span>
     <span class='ocr_line' id='line_1_11' title="bbox 67 673 1402 724; baseline -0.001 -11"><span class='ocrx_word' id='word_1_74' title='bbox 67 675 268 722; x_wconf 57' lang='lat' dir='ltr'>anxius&amp;</span> <span class='ocrx_word' id='word_1_75' title='bbox 287 677 544 724; x_wconf 84' lang='lat' dir='ltr'>perturbatus</span> <span class='ocrx_word' id='word_1_76' title='bbox 562 675 668 713; x_wconf 87' lang='lat' dir='ltr'>visus</span> <span class='ocrx_word' id='word_1_77' title='bbox 685 673 766 713; x_wconf 85' lang='lat' dir='ltr'>fuit</span> <span class='ocrx_word' id='word_1_78' title='bbox 785 675 908 714; x_wconf 89' lang='lat' dir='ltr'>alteri</span> <span class='ocrx_word' id='word_1_79' title='bbox 923 673 1243 724; x_wconf 75' lang='lat' dir='ltr'>exTestibns‚qui</span> <span class='ocrx_word' id='word_1_80' title='bbox 1257 674 1402 721; x_wconf 82' lang='lat' dir='ltr'>opina--</span> 
     </span>
     <span class='ocr_line' id='line_1_12' title="bbox 67 726 1400 774; baseline 0 -9"><span class='ocrx_word' id='word_1_81' title='bbox 67 734 135 767; x_wconf 89' lang='lat' dir='ltr'>tus</span> <span class='ocrx_word' id='word_1_82' title='bbox 150 730 341 774; x_wconf 84' lang='lat' dir='ltr'>est‚hujus</span> <span class='ocrx_word' id='word_1_83' title='bbox 355 727 645 767; x_wconf 85' lang='lat' dir='ltr'>sollicitudinis</span> <span class='ocrx_word' id='word_1_84' title='bbox 662 728 822 766; x_wconf 88' lang='lat' dir='ltr'>causam</span> <span class='ocrx_word' id='word_1_85' title='bbox 840 726 1131 766; x_wconf 81' lang='lat' dir='ltr'>esseGenitoris</span> <span class='ocrx_word' id='word_1_86' title='bbox 1148 727 1372 766; x_wconf 76' lang='lat' dir='ltr'>absentiam</span> <span class='ocrx_word' id='word_1_87' title='bbox 1389 754 1400 765; x_wconf 82' lang='lat'><strong>.</strong></span> 
     </span>
    </p>

    <p class='ocr_par' dir='ltr' id='par_1_2' title="bbox 18 778 1403 1356">
     <span class='ocr_line' id='line_1_13' title="bbox 18 778 1402 830; baseline -0.003 -11"><span class='ocrx_word' id='word_1_88' title='bbox 18 778 113 820; x_wconf 83' lang='lat' dir='ltr'>Post</span> <span class='ocrx_word' id='word_1_89' title='bbox 127 780 410 830; x_wconf 65' lang='lat' dir='ltr'>professionem</span> <span class='ocrx_word' id='word_1_90' title='bbox 426 789 564 819; x_wconf 88' lang='lat' dir='ltr'>autem</span> <span class='ocrx_word' id='word_1_91' title='bbox 581 806 593 825; x_wconf 89' lang='lat'><strong>‚</strong></span> <span class='ocrx_word' id='word_1_92' title='bbox 621 793 728 818; x_wconf 90' lang='lat' dir='ltr'>nono</span> <span class='ocrx_word' id='word_1_93' title='bbox 742 779 912 819; x_wconf 78' lang='lat' dir='ltr'>circiter</span> <span class='ocrx_word' id='word_1_94' title='bbox 940 780 1076 819; x_wconf 88' lang='lat' dir='ltr'>mense</span> <span class='ocrx_word' id='word_1_95' title='bbox 1096 806 1109 824; x_wconf 89' lang='lat'>‚</span> <span class='ocrx_word' id='word_1_96' title='bbox 1139 779 1262 818; x_wconf 80' lang='lat' dir='ltr'>alteri</span> <span class='ocrx_word' id='word_1_97' title='bbox 1293 778 1402 817; x_wconf 85' lang='lat' dir='ltr'>Testi</span> 
     </span>
     <span class='ocr_line' id='line_1_14' title="bbox 75 831 1398 878; baseline -0.005 -4"><span class='ocrx_word' id='word_1_98' title='bbox 75 832 302 878; x_wconf 85' lang='lat' dir='ltr'>indicavit,</span> <span class='ocrx_word' id='word_1_99' title='bbox 316 831 356 871; x_wconf 90' lang='lat' dir='ltr'>se</span> <span class='ocrx_word' id='word_1_100' title='bbox 374 834 517 871; x_wconf 86' lang='lat' dir='ltr'>habere</span> <span class='ocrx_word' id='word_1_101' title='bbox 534 834 691 871; x_wconf 87' lang='lat' dir='ltr'>motiva</span> <span class='ocrx_word' id='word_1_102' title='bbox 705 832 982 875; x_wconf 85' lang='lat' dir='ltr'>reclamandi,</span> <span class='ocrx_word' id='word_1_103' title='bbox 999 833 1025 871; x_wconf 84' lang='lat' dir='ltr'>fi</span> <span class='ocrx_word' id='word_1_104' title='bbox 1044 833 1176 872; x_wconf 88' lang='lat' dir='ltr'>vellet</span> <span class='ocrx_word' id='word_1_105' title='bbox 1195 846 1208 872; x_wconf 69' lang='lat'>5</span> <span class='ocrx_word' id='word_1_106' title='bbox 1243 844 1289 869; x_wconf 87' lang='lat' dir='ltr'>ac</span> <span class='ocrx_word' id='word_1_107' title='bbox 1307 843 1398 869; x_wconf 77' lang='lat' dir='ltr'>rur-—</span> 
     </span>
     <span class='ocr_line' id='line_1_15' title="bbox 71 883 1401 934; baseline -0.005 -8"><span class='ocrx_word' id='word_1_108' title='bbox 71 889 165 932; x_wconf 76' lang='lat' dir='ltr'>sus,</span> <span class='ocrx_word' id='word_1_109' title='bbox 190 885 413 932; x_wconf 81' lang='lat' dir='ltr'>objiciente</span> <span class='ocrx_word' id='word_1_110' title='bbox 427 883 545 924; x_wconf 87' lang='lat' dir='ltr'>Teste</span> <span class='ocrx_word' id='word_1_111' title='bbox 572 884 781 934; x_wconf 80' lang='lat' dir='ltr'>praefatam</span> <span class='ocrx_word' id='word_1_112' title='bbox 810 885 1012 924; x_wconf 86' lang='lat' dir='ltr'>Schedam</span> <span class='ocrx_word' id='word_1_113' title='bbox 1032 885 1070 923; x_wconf 89' lang='lat' dir='ltr'>in</span> <span class='ocrx_word' id='word_1_114' title='bbox 1093 885 1401 924; x_wconf 66' lang='lat' dir='ltr'>testimonium</span> 
     </span>
     <span class='ocr_line' id='line_1_16' title="bbox 69 936 1399 987; baseline -0.003 -9"><span class='ocrx_word' id='word_1_115' title='bbox 69 939 208 978; x_wconf 80' lang='lat' dir='ltr'>liberae</span> <span class='ocrx_word' id='word_1_116' title='bbox 224 936 450 977; x_wconf 89' lang='lat' dir='ltr'>voluntatis</span> <span class='ocrx_word' id='word_1_117' title='bbox 468 938 659 987; x_wconf 81' lang='lat' dir='ltr'>scriptam</span> <span class='ocrx_word' id='word_1_118' title='bbox 678 964 688 983; x_wconf 96' lang='lat'>,</span> <span class='ocrx_word' id='word_1_119' title='bbox 709 938 781 976; x_wconf 90' lang='lat' dir='ltr'>ille</span> <span class='ocrx_word' id='word_1_120' title='bbox 798 936 1075 977; x_wconf 86' lang='lat' dir='ltr'>incontinenti</span> <span class='ocrx_word' id='word_1_121' title='bbox 1095 936 1325 985; x_wconf 81' lang='lat' dir='ltr'>respondit,</span> <span class='ocrx_word' id='word_1_122' title='bbox 1358 936 1399 974; x_wconf 89' lang='lat' dir='ltr'>se</span> 
     </span>
     <span class='ocr_line' id='line_1_17' title="bbox 66 988 1397 1041; baseline -0.003 -12"><span class='ocrx_word' id='word_1_123' title='bbox 66 999 214 1041; x_wconf 79' lang='lat' dir='ltr'>putare</span> <span class='ocrx_word' id='word_1_124' title='bbox 230 989 385 1041; x_wconf 81' lang='lat' dir='ltr'>aliquid</span> <span class='ocrx_word' id='word_1_125' title='bbox 413 989 514 1030; x_wconf 88' lang='lat' dir='ltr'>inea</span> <span class='ocrx_word' id='word_1_126' title='bbox 530 999 601 1029; x_wconf 89' lang='lat' dir='ltr'>aut</span> <span class='ocrx_word' id='word_1_127' title='bbox 626 988 795 1030; x_wconf 66' lang='lat' dir='ltr'>omisisse</span> <span class='ocrx_word' id='word_1_128' title='bbox 812 1016 824 1034; x_wconf 83' lang='lat'><strong>‚</strong></span> <span class='ocrx_word' id='word_1_129' title='bbox 850 999 922 1028; x_wconf 93' lang='lat' dir='ltr'>aut</span> <span class='ocrx_word' id='word_1_130' title='bbox 950 988 1119 1029; x_wconf 68' lang='lat' dir='ltr'>muta2&#39;se</span> <span class='ocrx_word' id='word_1_131' title='bbox 1140 1016 1151 1033; x_wconf 91' lang='lat'>‚</span> <span class='ocrx_word' id='word_1_132' title='bbox 1183 990 1285 1028; x_wconf 91' lang='lat' dir='ltr'>licet</span> <span class='ocrx_word' id='word_1_133' title='bbox 1313 989 1397 1031; x_wconf 77' lang='lat' dir='ltr'>post</span> 
     </span>
     <span class='ocr_line' id='line_1_18' title="bbox 69 1041 1396 1094; baseline -0.003 -12"><span class='ocrx_word' id='word_1_134' title='bbox 69 1043 275 1094; x_wconf 67' lang='lat' dir='ltr'>§chedam</span> <span class='ocrx_word' id='word_1_135' title='bbox 290 1042 438 1082; x_wconf 53' lang='lat' dir='ltr'>ledam</span> <span class='ocrx_word' id='word_1_136' title='bbox 457 1043 557 1082; x_wconf 87' lang='lat' dir='ltr'>nihil</span> <span class='ocrx_word' id='word_1_137' title='bbox 577 1056 597 1082; x_wconf 86' lang='lat' dir='ltr'>a</span> <span class='ocrx_word' id='word_1_138' title='bbox 612 1043 650 1080; x_wconf 92' lang='lat' dir='ltr'>se</span> <span class='ocrx_word' id='word_1_139' title='bbox 664 1043 852 1080; x_wconf 81' lang='lat' dir='ltr'>omissum</span> <span class='ocrx_word' id='word_1_140' title='bbox 869 1041 983 1081; x_wconf 83' lang='lat' dir='ltr'>fuiffe</span> <span class='ocrx_word' id='word_1_141' title='bbox 1001 1041 1117 1081; x_wconf 74' lang='lat' dir='ltr'>salsus</span> <span class='ocrx_word' id='word_1_142' title='bbox 1137 1043 1184 1079; x_wconf 86' lang='lat' dir='ltr'>fit</span> <span class='ocrx_word' id='word_1_143' title='bbox 1201 1067 1212 1084; x_wconf 78' lang='lat'>‚</span> <span class='ocrx_word' id='word_1_144' title='bbox 1240 1053 1287 1080; x_wconf 75' lang='lat' dir='ltr'>ex</span> <span class='ocrx_word' id='word_1_145' title='bbox 1315 1053 1396 1090; x_wconf 89' lang='lat' dir='ltr'>quo</span> 
     </span>
     <span class='ocr_line' id='line_1_19' title="bbox 68 1094 1401 1135; baseline -0.004 0"><span class='ocrx_word' id='word_1_146' title='bbox 68 1095 202 1135; x_wconf 79' lang='lat' dir='ltr'>adhuc</span> <span class='ocrx_word' id='word_1_147' title='bbox 215 1108 292 1134; x_wconf 87' lang='lat' dir='ltr'>non</span> <span class='ocrx_word' id='word_1_148' title='bbox 309 1094 471 1134; x_wconf 87' lang='lat' dir='ltr'>viderat</span> <span class='ocrx_word' id='word_1_149' title='bbox 486 1095 634 1133; x_wconf 84' lang='lat' dir='ltr'>similes</span> <span class='ocrx_word' id='word_1_150' title='bbox 652 1095 875 1133; x_wconf 78' lang='lat' dir='ltr'>schedulas</span> <span class='ocrx_word' id='word_1_151' title='bbox 891 1106 984 1133; x_wconf 89' lang='lat' dir='ltr'>cum</span> <span class='ocrx_word' id='word_1_152' title='bbox 1000 1094 1109 1132; x_wconf 58' lang='lat' dir='ltr'>ducto</span> <span class='ocrx_word' id='word_1_153' title='bbox 1137 1095 1260 1133; x_wconf 85' lang='lat' dir='ltr'>verbo</span> <span class='ocrx_word' id='word_1_154' title='bbox 1276 1108 1302 1128; x_wconf 85' lang='lat'><strong><em>=</em></strong></span> <span class='ocrx_word' id='word_1_155' title='bbox 1330 1095 1401 1130; x_wconf 83' lang='lat' dir='ltr'>Se·</span> 
     </span>
     <span class='ocr_line' id='line_1_20' title="bbox 67 1145 1403 1192; baseline -0.001 -7"><span class='ocrx_word' id='word_1_156' title='bbox 67 1151 167 1186; x_wconf 75' lang='lat' dir='ltr'>rio:</span> <span class='ocrx_word' id='word_1_157' title='bbox 186 1156 367 1188; x_wconf 86' lang='lat' dir='ltr'>exaratas</span> <span class='ocrx_word' id='word_1_158' title='bbox 390 1176 399 1185; x_wconf 88' lang='lat'><strong>.</strong></span> <span class='ocrx_word' id='word_1_159' title='bbox 429 1148 628 1186; x_wconf 84' lang='lat' dir='ltr'>Animum</span> <span class='ocrx_word' id='word_1_160' title='bbox 655 1147 820 1185; x_wconf 86' lang='lat' dir='ltr'>tandem</span> <span class='ocrx_word' id='word_1_161' title='bbox 854 1146 1103 1185; x_wconf 83' lang='lat' dir='ltr'>reclamandi</span> <span class='ocrx_word' id='word_1_162' title='bbox 1131 1146 1313 1192; x_wconf 80' lang='lat' dir='ltr'>apertius</span> <span class='ocrx_word' id='word_1_163' title='bbox 1331 1145 1403 1183; x_wconf 88' lang='lat' dir='ltr'>de·-</span> 
     </span>
     <span class='ocr_line' id='line_1_21' title="bbox 63 1196 1401 1248; baseline -0.004 -9"><span class='ocrx_word' id='word_1_164' title='bbox 63 1200 245 1240; x_wconf 84' lang='lat' dir='ltr'>claravit</span> <span class='ocrx_word' id='word_1_165' title='bbox 260 1202 349 1237; x_wconf 80' lang='lat' dir='ltr'>tum</span> <span class='ocrx_word' id='word_1_166' title='bbox 365 1199 587 1248; x_wconf 83' lang='lat' dir='ltr'>Salisburgi</span> <span class='ocrx_word' id='word_1_167' title='bbox 606 1199 643 1237; x_wconf 91' lang='lat' dir='ltr'>in</span> <span class='ocrx_word' id='word_1_168' title='bbox 662 1199 851 1237; x_wconf 67' lang='lat' dir='ltr'>convistu</span> <span class='ocrx_word' id='word_1_169' title='bbox 873 1211 1039 1237; x_wconf 83' lang='lat' dir='ltr'>manens</span> <span class='ocrx_word' id='word_1_170' title='bbox 1052 1225 1064 1243; x_wconf 91' lang='lat'>‚</span> <span class='ocrx_word' id='word_1_171' title='bbox 1094 1201 1184 1236; x_wconf 80' lang='lat' dir='ltr'>tum</span> <span class='ocrx_word' id='word_1_172' title='bbox 1199 1200 1279 1246; x_wconf 83' lang='lat' dir='ltr'>post</span> <span class='ocrx_word' id='word_1_173' title='bbox 1296 1196 1401 1235; x_wconf 78' lang='lat' dir='ltr'>redi·-</span> 
     </span>
     <span class='ocr_line' id='line_1_22' title="bbox 65 1248 1400 1301; baseline -0.004 -10"><span class='ocrx_word' id='word_1_174' title='bbox 65 1260 158 1292; x_wconf 89' lang='lat' dir='ltr'>tum</span> <span class='ocrx_word' id='word_1_175' title='bbox 172 1252 220 1293; x_wconf 87' lang='lat' dir='ltr'>ad</span> <span class='ocrx_word' id='word_1_176' title='bbox 236 1251 527 1290; x_wconf 82' lang='lat' dir='ltr'>Monasterium</span> <span class='ocrx_word' id='word_1_177' title='bbox 540 1279 550 1294; x_wconf 81' lang='lat'>,</span> <span class='ocrx_word' id='word_1_178' title='bbox 566 1253 802 1301; x_wconf 82' lang='lat' dir='ltr'>conquestus</span> <span class='ocrx_word' id='word_1_179' title='bbox 818 1251 867 1289; x_wconf 94' lang='lat' dir='ltr'>de</span> <span class='ocrx_word' id='word_1_180' title='bbox 883 1252 1041 1290; x_wconf 83' lang='lat' dir='ltr'>Abbate</span> <span class='ocrx_word' id='word_1_181' title='bbox 1058 1276 1070 1295; x_wconf 83' lang='lat'><strong>‚</strong></span> <span class='ocrx_word' id='word_1_182' title='bbox 1105 1252 1143 1290; x_wconf 67' lang='grc' dir='ltr'>ὃς</span> <span class='ocrx_word' id='word_1_183' title='bbox 1172 1250 1241 1288; x_wconf 90' lang='lat' dir='ltr'>suo</span> <span class='ocrx_word' id='word_1_184' title='bbox 1270 1248 1400 1288; x_wconf 78' lang='lat' dir='ltr'>Geni-</span> 
     </span>
     <span class='ocr_line' id='line_1_23' title="bbox 67 1301 1189 1356; baseline -0.003 -13"><span class='ocrx_word' id='word_1_185' title='bbox 67 1313 159 1345; x_wconf 85' lang='lat' dir='ltr'>tore</span> <span class='ocrx_word' id='word_1_186' title='bbox 179 1331 191 1349; x_wconf 88' lang='lat'>,</span> <span class='ocrx_word' id='word_1_187' title='bbox 209 1304 315 1356; x_wconf 92' lang='lat' dir='ltr'>quod</span> <span class='ocrx_word' id='word_1_188' title='bbox 332 1316 409 1343; x_wconf 89' lang='lat' dir='ltr'>non</span> <span class='ocrx_word' id='word_1_189' title='bbox 428 1306 603 1344; x_wconf 83' lang='lat' dir='ltr'>sinerent</span> <span class='ocrx_word' id='word_1_190' title='bbox 620 1304 745 1349; x_wconf 86' lang='lat' dir='ltr'>ipsum</span> <span class='ocrx_word' id='word_1_191' title='bbox 762 1303 810 1341; x_wconf 83' lang='lat' dir='ltr'>ad</span> <span class='ocrx_word' id='word_1_192' title='bbox 830 1304 1011 1342; x_wconf 87' lang='lat' dir='ltr'>seculum</span> <span class='ocrx_word' id='word_1_193' title='bbox 1026 1301 1161 1340; x_wconf 89' lang='lat' dir='ltr'>redire</span> <span class='ocrx_word' id='word_1_194' title='bbox 1180 1332 1189 1340; x_wconf 94' lang='lat'>.</span> 
     </span>
    </p>

    <p class='ocr_par' dir='ltr' id='par_1_3' title="bbox 15 1352 1402 2714">
     <span class='ocr_line' id='line_1_24' title="bbox 15 1352 1400 1405; baseline -0.004 -9"><span class='ocrx_word' id='word_1_195' title='bbox 15 1354 118 1396; x_wconf 83' lang='lat' dir='ltr'>Inde</span> <span class='ocrx_word' id='word_1_196' title='bbox 129 1357 333 1405; x_wconf 87' lang='lat' dir='ltr'>colligunt</span> <span class='ocrx_word' id='word_1_197' title='bbox 352 1355 489 1395; x_wconf 87' lang='lat' dir='ltr'>Testes</span> <span class='ocrx_word' id='word_1_198' title='bbox 508 1383 520 1401; x_wconf 90' lang='lat'><strong>‚</strong></span> <span class='ocrx_word' id='word_1_199' title='bbox 533 1357 756 1395; x_wconf 82' lang='lat' dir='ltr'>Oratorem</span> <span class='ocrx_word' id='word_1_200' title='bbox 774 1355 878 1393; x_wconf 90' lang='lat' dir='ltr'>haud</span> <span class='ocrx_word' id='word_1_201' title='bbox 908 1352 1080 1392; x_wconf 69' lang='lat' dir='ltr'>habuisse</span> <span class='ocrx_word' id='word_1_202' title='bbox 1104 1352 1369 1392; x_wconf 89' lang='lat' dir='ltr'>vocationem</span> <span class='ocrx_word' id='word_1_203' title='bbox 1384 1378 1400 1398; x_wconf 89' lang='lat'>,</span> 
     </span>
     <span class='ocr_line' id='line_1_25' title="bbox 67 1404 1396 1456; baseline -0.006 -6"><span class='ocrx_word' id='word_1_204' title='bbox 67 1411 107 1450; x_wconf 85' lang='lat'>&amp;</span> <span class='ocrx_word' id='word_1_205' title='bbox 125 1409 306 1448; x_wconf 87' lang='lat' dir='ltr'>animum</span> <span class='ocrx_word' id='word_1_206' title='bbox 325 1407 547 1447; x_wconf 76' lang='lat' dir='ltr'>affumendi</span> <span class='ocrx_word' id='word_1_207' title='bbox 560 1410 702 1447; x_wconf 84' lang='lat' dir='ltr'>statum</span> <span class='ocrx_word' id='word_1_208' title='bbox 724 1407 975 1456; x_wconf 79' lang='lat' dir='ltr'>Religiosum</span> <span class='ocrx_word' id='word_1_209' title='bbox 991 1420 1005 1446; x_wconf 74' lang='lat'>5</span> <span class='ocrx_word' id='word_1_210' title='bbox 1022 1407 1059 1445; x_wconf 67' lang='grc' dir='ltr'>δε</span> <span class='ocrx_word' id='word_1_211' title='bbox 1073 1415 1189 1445; x_wconf 88' lang='lat' dir='ltr'>metu</span> <span class='ocrx_word' id='word_1_212' title='bbox 1208 1404 1396 1444; x_wconf 82' lang='lat' dir='ltr'>Parentis</span> 
     </span>
     <span class='ocr_line' id='line_1_26' title="bbox 64 1457 1402 1512; baseline -0.004 -12"><span class='ocrx_word' id='word_1_213' title='bbox 64 1459 282 1512; x_wconf 86' lang='lat' dir='ltr'>ingressum</span> <span class='ocrx_word' id='word_1_214' title='bbox 312 1458 423 1499; x_wconf 78' lang='lat' dir='ltr'>fuisse</span> <span class='ocrx_word' id='word_1_215' title='bbox 444 1460 735 1499; x_wconf 87' lang='lat' dir='ltr'>Monasterium</span> <span class='ocrx_word' id='word_1_216' title='bbox 751 1460 831 1498; x_wconf 89' lang='lat' dir='ltr'>duo</span> <span class='ocrx_word' id='word_1_217' title='bbox 862 1458 1065 1498; x_wconf 81' lang='lat' dir='ltr'>affirmant</span> <span class='ocrx_word' id='word_1_218' title='bbox 1095 1458 1146 1497; x_wconf 91' lang='lat' dir='ltr'>de</span> <span class='ocrx_word' id='word_1_219' title='bbox 1175 1457 1318 1496; x_wconf 82' lang='lat' dir='ltr'>auditu</span> <span class='ocrx_word' id='word_1_220' title='bbox 1337 1457 1402 1495; x_wconf 64' lang='lat' dir='ltr'>iu-</span> 
     </span>
     <span class='ocr_line' id='line_1_27' title="bbox 63 1508 1400 1561; baseline -0.004 -8"><span class='ocrx_word' id='word_1_221' title='bbox 63 1523 181 1554; x_wconf 85' lang='lat' dir='ltr'>certo</span> <span class='ocrx_word' id='word_1_222' title='bbox 196 1539 208 1558; x_wconf 89' lang='lat'>‚</span> <span class='ocrx_word' id='word_1_223' title='bbox 229 1514 266 1553; x_wconf 73' lang='lat' dir='ltr'>Sc</span> <span class='ocrx_word' id='word_1_224' title='bbox 280 1514 428 1553; x_wconf 80' lang='lat' dir='ltr'>tertius</span> <span class='ocrx_word' id='word_1_225' title='bbox 446 1512 496 1553; x_wconf 90' lang='lat' dir='ltr'>de</span> <span class='ocrx_word' id='word_1_226' title='bbox 511 1512 653 1556; x_wconf 83' lang='lat' dir='ltr'>auditu</span> <span class='ocrx_word' id='word_1_227' title='bbox 670 1514 718 1551; x_wconf 90' lang='lat' dir='ltr'>ab</span> <span class='ocrx_word' id='word_1_228' title='bbox 735 1513 817 1561; x_wconf 80' lang='lat' dir='ltr'>ipso</span> <span class='ocrx_word' id='word_1_229' title='bbox 835 1511 1016 1551; x_wconf 81' lang='lat' dir='ltr'>Oratore</span> <span class='ocrx_word' id='word_1_230' title='bbox 1029 1525 1044 1551; x_wconf 73' lang='grc'>,-</span> <span class='ocrx_word' id='word_1_231' title='bbox 1064 1523 1138 1550; x_wconf 90' lang='lat' dir='ltr'>nec</span> <span class='ocrx_word' id='word_1_232' title='bbox 1156 1509 1308 1555; x_wconf 87' lang='lat' dir='ltr'>defuit,</span> <span class='ocrx_word' id='word_1_233' title='bbox 1328 1508 1400 1559; x_wconf 87' lang='lat' dir='ltr'>qui</span> 
     </span>
     <span class='ocr_line' id='line_1_28' title="bbox 60 1561 1392 1614; baseline -0.004 -10"><span class='ocrx_word' id='word_1_234' title='bbox 60 1565 330 1614; x_wconf 85' lang='lat' dir='ltr'>suspicaretur</span> <span class='ocrx_word' id='word_1_235' title='bbox 344 1592 356 1610; x_wconf 93' lang='lat'><strong>‚</strong></span> <span class='ocrx_word' id='word_1_236' title='bbox 370 1576 465 1605; x_wconf 89' lang='lat' dir='ltr'>eum</span> <span class='ocrx_word' id='word_1_237' title='bbox 481 1578 558 1604; x_wconf 83' lang='lat' dir='ltr'>non</span> <span class='ocrx_word' id='word_1_238' title='bbox 576 1566 705 1605; x_wconf 86' lang='lat' dir='ltr'>libere</span> <span class='ocrx_word' id='word_1_239' title='bbox 719 1563 986 1606; x_wconf 72' lang='lat' dir='ltr'>profelsurum</span> <span class='ocrx_word' id='word_1_240' title='bbox 1003 1590 1015 1608; x_wconf 87' lang='lat'><strong>‚</strong></span> <span class='ocrx_word' id='word_1_241' title='bbox 1033 1564 1135 1602; x_wconf 84' lang='lat' dir='ltr'>licet</span> <span class='ocrx_word' id='word_1_242' title='bbox 1157 1575 1178 1601; x_wconf 88' lang='lat' dir='ltr'>a</span> <span class='ocrx_word' id='word_1_243' title='bbox 1198 1561 1392 1611; x_wconf 84' lang='lat' dir='ltr'>Magistro</span> 
     </span>
     <span class='ocr_line' id='line_1_29' title="bbox 63 1617 1400 1657; baseline -0.004 0"><span class='ocrx_word' id='word_1_244' title='bbox 63 1617 338 1657; x_wconf 88' lang='lat' dir='ltr'>Novitiorum</span> <span class='ocrx_word' id='word_1_245' title='bbox 351 1617 424 1657; x_wconf 88' lang='lat' dir='ltr'>alii</span> <span class='ocrx_word' id='word_1_246' title='bbox 440 1618 521 1657; x_wconf 89' lang='lat' dir='ltr'>duo</span> <span class='ocrx_word' id='word_1_247' title='bbox 537 1617 743 1657; x_wconf 83' lang='lat' dir='ltr'>audierint</span> <span class='ocrx_word' id='word_1_248' title='bbox 759 1618 930 1656; x_wconf 83' lang='lat' dir='ltr'>liberam</span> <span class='ocrx_word' id='word_1_249' title='bbox 959 1617 1073 1655; x_wconf 86' lang='lat' dir='ltr'>illius</span> <span class='ocrx_word' id='word_1_250' title='bbox 1107 1617 1400 1654; x_wconf 68' lang='lat' dir='ltr'>voluntatem-2</span> 
     </span>
     <span class='ocr_line' id='line_1_30' title="bbox 61 1667 1400 1721; baseline -0.005 -11"><span class='ocrx_word' id='word_1_251' title='bbox 61 1669 306 1720; x_wconf 87' lang='lat' dir='ltr'>profitendi.</span> <span class='ocrx_word' id='word_1_252' title='bbox 322 1670 489 1709; x_wconf 83' lang='lat' dir='ltr'>Metum</span> <span class='ocrx_word' id='word_1_253' title='bbox 504 1679 653 1720; x_wconf 88' lang='lat' dir='ltr'>negant</span> <span class='ocrx_word' id='word_1_254' title='bbox 673 1671 744 1709; x_wconf 89' lang='lat' dir='ltr'>alii</span> <span class='ocrx_word' id='word_1_255' title='bbox 758 1670 824 1709; x_wconf 83' lang='lat' dir='ltr'>sex</span> <span class='ocrx_word' id='word_1_256' title='bbox 845 1696 856 1715; x_wconf 93' lang='lat'><em>,</em></span> <span class='ocrx_word' id='word_1_257' title='bbox 877 1681 1048 1721; x_wconf 89' lang='lat' dir='ltr'>quorum</span> <span class='ocrx_word' id='word_1_258' title='bbox 1064 1668 1146 1707; x_wconf 90' lang='lat' dir='ltr'>duo</span> <span class='ocrx_word' id='word_1_259' title='bbox 1159 1667 1400 1716; x_wconf 77' lang='lat' dir='ltr'>opinantur,</span> 
     </span>
     <span class='ocr_line' id='line_1_31' title="bbox 59 1719 1398 1772; baseline -0.004 -10"><span class='ocrx_word' id='word_1_260' title='bbox 59 1722 353 1762; x_wconf 83' lang='lat' dir='ltr'>Monasterium</span> <span class='ocrx_word' id='word_1_261' title='bbox 378 1721 492 1762; x_wconf 83' lang='lat' dir='ltr'>fuisse</span> <span class='ocrx_word' id='word_1_262' title='bbox 519 1722 735 1772; x_wconf 85' lang='lat' dir='ltr'>ingressum</span> <span class='ocrx_word' id='word_1_263' title='bbox 752 1722 977 1762; x_wconf 83' lang='lat' dir='ltr'>Oratorem</span> <span class='ocrx_word' id='word_1_264' title='bbox 1007 1721 1056 1760; x_wconf 91' lang='lat' dir='ltr'>ad</span> <span class='ocrx_word' id='word_1_265' title='bbox 1075 1719 1291 1759; x_wconf 85' lang='lat' dir='ltr'>vitandum</span> <span class='ocrx_word' id='word_1_266' title='bbox 1317 1719 1398 1757; x_wconf 80' lang='lat' dir='ltr'>Ge-</span> 
     </span>
     <span class='ocr_line' id='line_1_32' title="bbox 61 1772 1395 1817; baseline -0.004 -3"><span class='ocrx_word' id='word_1_267' title='bbox 61 1774 210 1814; x_wconf 86' lang='lat' dir='ltr'>nitoris</span> <span class='ocrx_word' id='word_1_268' title='bbox 246 1776 441 1814; x_wconf 88' lang='lat' dir='ltr'>meritam</span> <span class='ocrx_word' id='word_1_269' title='bbox 468 1775 733 1815; x_wconf 87' lang='lat' dir='ltr'>severitatem</span> <span class='ocrx_word' id='word_1_270' title='bbox 752 1805 762 1815; x_wconf 88' lang='lat'><strong>.</strong></span> <span class='ocrx_word' id='word_1_271' title='bbox 782 1776 974 1814; x_wconf 83' lang='lat' dir='ltr'>Errorum</span> <span class='ocrx_word' id='word_1_272' title='bbox 1008 1799 1021 1817; x_wconf 85' lang='lat'>‚</span> <span class='ocrx_word' id='word_1_273' title='bbox 1052 1774 1090 1813; x_wconf 75' lang='lat' dir='ltr'>Sc</span> <span class='ocrx_word' id='word_1_274' title='bbox 1121 1772 1395 1812; x_wconf 87' lang='lat' dir='ltr'>desolationis</span> 
     </span>
     <span class='ocr_line' id='line_1_33' title="bbox 59 1824 1397 1871; baseline -0.003 -6"><span class='ocrx_word' id='word_1_275' title='bbox 59 1827 220 1867; x_wconf 87' lang='lat' dir='ltr'>causam</span> <span class='ocrx_word' id='word_1_276' title='bbox 238 1827 311 1866; x_wconf 87' lang='lat' dir='ltr'>alii</span> <span class='ocrx_word' id='word_1_277' title='bbox 342 1826 530 1866; x_wconf 88' lang='lat' dir='ltr'>nesciunt</span> <span class='ocrx_word' id='word_1_278' title='bbox 545 1854 557 1871; x_wconf 84' lang='lat'><strong>‚</strong></span> <span class='ocrx_word' id='word_1_279' title='bbox 586 1828 658 1866; x_wconf 88' lang='lat' dir='ltr'>alii</span> <span class='ocrx_word' id='word_1_280' title='bbox 691 1826 874 1867; x_wconf 86' lang='lat' dir='ltr'>referunt</span> <span class='ocrx_word' id='word_1_281' title='bbox 905 1828 953 1866; x_wconf 87' lang='lat' dir='ltr'>ad</span> <span class='ocrx_word' id='word_1_282' title='bbox 980 1827 1255 1866; x_wconf 57' lang='lat' dir='ltr'>relustantem</span> <span class='ocrx_word' id='word_1_283' title='bbox 1284 1824 1397 1862; x_wconf 80' lang='lat' dir='ltr'>illius</span> 
     </span>
     <span class='ocr_line' id='line_1_34' title="bbox 57 1875 1397 1929; baseline -0.003 -12"><span class='ocrx_word' id='word_1_284' title='bbox 57 1879 321 1919; x_wconf 85' lang='lat' dir='ltr'>voluntatem</span> <span class='ocrx_word' id='word_1_285' title='bbox 335 1905 348 1924; x_wconf 76' lang='lat'>‚</span> <span class='ocrx_word' id='word_1_286' title='bbox 378 1881 415 1919; x_wconf 63' lang='grc' dir='ltr'>ὃς</span> <span class='ocrx_word' id='word_1_287' title='bbox 431 1878 757 1929; x_wconf 75' lang='lat' dir='ltr'>aegreferentiam</span> <span class='ocrx_word' id='word_1_288' title='bbox 786 1881 880 1918; x_wconf 79' lang='lat' dir='ltr'>vita:</span> <span class='ocrx_word' id='word_1_289' title='bbox 907 1878 1139 1928; x_wconf 73' lang='lat' dir='ltr'>Religios&#39;ae,</span> <span class='ocrx_word' id='word_1_290' title='bbox 1155 1875 1397 1916; x_wconf 86' lang='lat' dir='ltr'>addentibus</span> 
     </span>
     <span class='ocr_line' id='line_1_35' title="bbox 59 1928 1396 1982; baseline -0.004 -12"><span class='ocrx_word' id='word_1_291' title='bbox 59 1931 155 1970; x_wconf 82' lang='lat' dir='ltr'>aliis</span> <span class='ocrx_word' id='word_1_292' title='bbox 169 1932 380 1982; x_wconf 88' lang='lat' dir='ltr'>sequutam</span> <span class='ocrx_word' id='word_1_293' title='bbox 398 1932 735 1972; x_wconf 84' lang='lat' dir='ltr'>emendationem</span> <span class='ocrx_word' id='word_1_294' title='bbox 765 1934 847 1981; x_wconf 83' lang='lat' dir='ltr'>post</span> <span class='ocrx_word' id='word_1_295' title='bbox 875 1932 1107 1982; x_wconf 83' lang='lat' dir='ltr'>spirituales</span> <span class='ocrx_word' id='word_1_296' title='bbox 1142 1928 1396 1968; x_wconf 75' lang='lat' dir='ltr'>exhortatio-</span> 
     </span>
     <span class='ocr_line' id='line_1_36' title="bbox 59 1979 1393 2036; baseline 0.001 -13"><span class='ocrx_word' id='word_1_297' title='bbox 59 1994 132 2023; x_wconf 87' lang='lat' dir='ltr'>nes</span> <span class='ocrx_word' id='word_1_298' title='bbox 149 2012 159 2022; x_wconf 91' lang='lat'><strong>.</strong></span> <span class='ocrx_word' id='word_1_299' title='bbox 175 1983 233 2022; x_wconf 92' lang='lat' dir='ltr'>At</span> <span class='ocrx_word' id='word_1_300' title='bbox 251 1997 330 2024; x_wconf 90' lang='lat' dir='ltr'>uno</span> <span class='ocrx_word' id='word_1_301' title='bbox 346 1993 518 2033; x_wconf 81' lang='lat' dir='ltr'>excepto</span> <span class='ocrx_word' id='word_1_302' title='bbox 538 2011 550 2030; x_wconf 90' lang='lat'>,</span> <span class='ocrx_word' id='word_1_303' title='bbox 580 1986 651 2036; x_wconf 88' lang='lat' dir='ltr'>qui</span> <span class='ocrx_word' id='word_1_304' title='bbox 682 1984 872 2024; x_wconf 83' lang='lat' dir='ltr'>omissum</span> <span class='ocrx_word' id='word_1_305' title='bbox 900 1986 1069 2024; x_wconf 86' lang='lat' dir='ltr'>verbum</span> <span class='ocrx_word' id='word_1_306' title='bbox 1084 1999 1111 2018; x_wconf 89' lang='lat'>=</span> <span class='ocrx_word' id='word_1_307' title='bbox 1126 1986 1229 2020; x_wconf 77' lang='lat' dir='ltr'>Serto</span> <span class='ocrx_word' id='word_1_308' title='bbox 1243 1996 1270 2015; x_wconf 87' lang='lat'>:</span> <span class='ocrx_word' id='word_1_309' title='bbox 1299 1979 1393 2024; x_wconf 73' lang='lat' dir='ltr'>Dlu-</span> 
     </span>
     <span class='ocr_line' id='line_1_37' title="bbox 60 2028 1394 2087; baseline -0.003 -13"><span class='ocrx_word' id='word_1_310' title='bbox 60 2034 158 2074; x_wconf 84' lang='lat' dir='ltr'>rimi</span> <span class='ocrx_word' id='word_1_311' title='bbox 173 2035 273 2074; x_wconf 86' lang='lat' dir='ltr'>facit</span> <span class='ocrx_word' id='word_1_312' title='bbox 290 2062 303 2080; x_wconf 89' lang='lat'>,</span> <span class='ocrx_word' id='word_1_313' title='bbox 321 2037 470 2086; x_wconf 88' lang='lat' dir='ltr'>reliqui</span> <span class='ocrx_word' id='word_1_314' title='bbox 485 2050 627 2076; x_wconf 87' lang='lat' dir='ltr'>omnes</span> <span class='ocrx_word' id='word_1_315' title='bbox 648 2038 803 2077; x_wconf 82' lang='lat' dir='ltr'>nescire</span> <span class='ocrx_word' id='word_1_316' title='bbox 821 2037 1014 2087; x_wconf 80' lang='lat' dir='ltr'>inquiunt</span> <span class='ocrx_word' id='word_1_317' title='bbox 1030 2036 1263 2073; x_wconf 85' lang='lat' dir='ltr'>fimulatam</span> <span class='ocrx_word' id='word_1_318' title='bbox 1276 2028 1394 2070; x_wconf 79' lang='lat' dir='ltr'>fuisse</span> 
     </span>
     <span class='ocr_line' id='line_1_38' title="bbox 57 2084 1396 2139; baseline -0.003 -12"><span class='ocrx_word' id='word_1_319' title='bbox 57 2085 354 2128; x_wconf 84' lang='lat' dir='ltr'>Profeffionem</span> <span class='ocrx_word' id='word_1_320' title='bbox 371 2088 578 2127; x_wconf 84' lang='lat' dir='ltr'>Oratoris;</span> <span class='ocrx_word' id='word_1_321' title='bbox 599 2089 848 2139; x_wconf 88' lang='lat' dir='ltr'>illorumque</span> <span class='ocrx_word' id='word_1_322' title='bbox 861 2091 969 2127; x_wconf 85' lang='lat' dir='ltr'>alter</span> <span class='ocrx_word' id='word_1_323' title='bbox 986 2086 1091 2127; x_wconf 77' lang='lat' dir='ltr'>haud</span> <span class='ocrx_word' id='word_1_324' title='bbox 1108 2084 1291 2125; x_wconf 84' lang='lat' dir='ltr'>sufficere</span> <span class='ocrx_word' id='word_1_325' title='bbox 1309 2096 1396 2123; x_wconf 87' lang='lat' dir='ltr'>cre·-</span> 
     </span>
     <span class='ocr_line' id='line_1_39' title="bbox 56 2136 1402 2192; baseline -0.004 -12"><span class='ocrx_word' id='word_1_326' title='bbox 56 2139 123 2180; x_wconf 87' lang='lat' dir='ltr'>dit</span> <span class='ocrx_word' id='word_1_327' title='bbox 138 2140 244 2192; x_wconf 83' lang='lat' dir='ltr'>figna</span> <span class='ocrx_word' id='word_1_328' title='bbox 257 2139 445 2189; x_wconf 60' lang='lat' dir='ltr'>praedffla</span> <span class='ocrx_word' id='word_1_329' title='bbox 459 2141 509 2179; x_wconf 87' lang='lat' dir='ltr'>ad</span> <span class='ocrx_word' id='word_1_330' title='bbox 522 2141 826 2179; x_wconf 81' lang='lat' dir='ltr'>simulationem</span> <span class='ocrx_word' id='word_1_331' title='bbox 838 2139 1114 2190; x_wconf 87' lang='lat' dir='ltr'>suspicandam</span> <span class='ocrx_word' id='word_1_332' title='bbox 1127 2167 1138 2178; x_wconf 84' lang='lat'><strong>.</strong></span> <span class='ocrx_word' id='word_1_333' title='bbox 1158 2136 1402 2179; x_wconf 86' lang='lat' dir='ltr'>Moestitiam</span> 
     </span>
     <span class='ocr_line' id='line_1_40' title="bbox 57 2188 1399 2236; baseline -0.004 -4"><span class='ocrx_word' id='word_1_334' title='bbox 57 2191 336 2236; x_wconf 82' lang='lat' dir='ltr'>interruptam</span> <span class='ocrx_word' id='word_1_335' title='bbox 356 2190 530 2232; x_wconf 81' lang='lat' dir='ltr'>afferunt</span> <span class='ocrx_word' id='word_1_336' title='bbox 548 2218 560 2236; x_wconf 91' lang='lat'>‚</span> <span class='ocrx_word' id='word_1_337' title='bbox 581 2194 618 2232; x_wconf 69' lang='grc' dir='ltr'>ὅ(</span> <span class='ocrx_word' id='word_1_338' title='bbox 634 2205 728 2232; x_wconf 89' lang='lat' dir='ltr'>cum</span> <span class='ocrx_word' id='word_1_339' title='bbox 755 2192 970 2234; x_wconf 82' lang='lat' dir='ltr'>hilaritate</span> <span class='ocrx_word' id='word_1_340' title='bbox 987 2192 1238 2231; x_wconf 86' lang='lat' dir='ltr'>alternatam</span> <span class='ocrx_word' id='word_1_341' title='bbox 1252 2215 1264 2235; x_wconf 88' lang='lat'>‚</span> <span class='ocrx_word' id='word_1_342' title='bbox 1293 2188 1399 2227; x_wconf 82' lang='lat' dir='ltr'>licet</span> 
     </span>
     <span class='ocr_line' id='line_1_41' title="bbox 59 2239 1399 2295; baseline -0.002 -12"><span class='ocrx_word' id='word_1_343' title='bbox 59 2243 292 2295; x_wconf 89' lang='lat' dir='ltr'>discrepent</span> <span class='ocrx_word' id='word_1_344' title='bbox 310 2247 419 2284; x_wconf 88' lang='lat' dir='ltr'>circa</span> <span class='ocrx_word' id='word_1_345' title='bbox 432 2245 673 2284; x_wconf 85' lang='lat' dir='ltr'>alterutrius</span> <span class='ocrx_word' id='word_1_346' title='bbox 692 2244 1079 2295; x_wconf 69' lang='lat' dir='ltr'>praeponderantiam</span> <span class='ocrx_word' id='word_1_347' title='bbox 1094 2273 1103 2282; x_wconf 90' lang='lat'><strong>.</strong></span> <span class='ocrx_word' id='word_1_348' title='bbox 1138 2243 1187 2282; x_wconf 85' lang='lat' dir='ltr'>Et</span> <span class='ocrx_word' id='word_1_349' title='bbox 1221 2239 1399 2281; x_wconf 79' lang='lat' dir='ltr'>habuisse</span> 
     </span>
     <span class='ocr_line' id='line_1_42' title="bbox 60 2295 1395 2337; baseline -0.004 -1"><span class='ocrx_word' id='word_1_350' title='bbox 60 2299 260 2337; x_wconf 81' lang='lat' dir='ltr'>testantur</span> <span class='ocrx_word' id='word_1_351' title='bbox 273 2297 498 2337; x_wconf 86' lang='lat' dir='ltr'>Oratorem</span> <span class='ocrx_word' id='word_1_352' title='bbox 514 2296 688 2337; x_wconf 86' lang='lat' dir='ltr'>durante</span> <span class='ocrx_word' id='word_1_353' title='bbox 723 2297 946 2337; x_wconf 88' lang='lat' dir='ltr'>Novitiatu</span> <span class='ocrx_word' id='word_1_354' title='bbox 975 2295 1247 2336; x_wconf 88' lang='lat' dir='ltr'>sufficientem</span> <span class='ocrx_word' id='word_1_355' title='bbox 1278 2305 1395 2333; x_wconf 74' lang='lat' dir='ltr'>occa-</span> 
     </span>
     <span class='ocr_line' id='line_1_43' title="bbox 61 2347 1393 2399; baseline -0.004 -11"><span class='ocrx_word' id='word_1_356' title='bbox 61 2349 211 2390; x_wconf 82' lang='lat' dir='ltr'>fionem</span> <span class='ocrx_word' id='word_1_357' title='bbox 224 2350 469 2399; x_wconf 78' lang='lat' dir='ltr'>significandi</span> <span class='ocrx_word' id='word_1_358' title='bbox 487 2374 500 2392; x_wconf 88' lang='lat'>‚</span> <span class='ocrx_word' id='word_1_359' title='bbox 514 2352 604 2390; x_wconf 80' lang='lat' dir='ltr'>tum</span> <span class='ocrx_word' id='word_1_360' title='bbox 619 2349 731 2389; x_wconf 86' lang='lat' dir='ltr'>Patri</span> <span class='ocrx_word' id='word_1_361' title='bbox 748 2362 818 2399; x_wconf 91' lang='lat' dir='ltr'>per</span> <span class='ocrx_word' id='word_1_362' title='bbox 834 2350 974 2390; x_wconf 83' lang='lat' dir='ltr'>literas</span> <span class='ocrx_word' id='word_1_363' title='bbox 991 2376 1005 2395; x_wconf 85' lang='lat'>‚</span> <span class='ocrx_word' id='word_1_364' title='bbox 1023 2354 1114 2388; x_wconf 82' lang='lat' dir='ltr'>tum</span> <span class='ocrx_word' id='word_1_365' title='bbox 1130 2347 1309 2390; x_wconf 88' lang='lat' dir='ltr'>Abbati,</span> <span class='ocrx_word' id='word_1_366' title='bbox 1337 2357 1393 2383; x_wconf 50' lang='lat' dir='ltr'>a„</span> 
     </span>
     <span class='ocr_line' id='line_1_44' title="bbox 61 2399 1392 2454; baseline -0.005 -12"><span class='ocrx_word' id='word_1_367' title='bbox 61 2414 143 2454; x_wconf 90' lang='lat' dir='ltr'>quo</span> <span class='ocrx_word' id='word_1_368' title='bbox 159 2404 253 2448; x_wconf 70' lang='lat' dir='ltr'>saepe</span> <span class='ocrx_word' id='word_1_369' title='bbox 274 2403 539 2447; x_wconf 86' lang='lat' dir='ltr'>invisebatur‚</span> <span class='ocrx_word' id='word_1_370' title='bbox 556 2403 642 2443; x_wconf 85' lang='lat' dir='ltr'>suas</span> <span class='ocrx_word' id='word_1_371' title='bbox 656 2403 884 2444; x_wconf 71' lang='lat' dir='ltr'>anxietates</span> <span class='ocrx_word' id='word_1_372' title='bbox 903 2428 915 2446; x_wconf 93' lang='lat'><strong>‚</strong></span> <span class='ocrx_word' id='word_1_373' title='bbox 933 2404 972 2441; x_wconf 71' lang='lat' dir='ltr'>St</span> <span class='ocrx_word' id='word_1_374' title='bbox 989 2400 1299 2450; x_wconf 81' lang='lat' dir='ltr'>repugnantiam</span> <span class='ocrx_word' id='word_1_375' title='bbox 1316 2399 1392 2436; x_wconf 85' lang='lat' dir='ltr'>sta-</span> 
     </span>
     <span class='ocr_line' id='line_1_45' title="bbox 59 2450 1396 2506; baseline -0.004 -13"><span class='ocrx_word' id='word_1_376' title='bbox 59 2454 126 2493; x_wconf 84' lang='lat' dir='ltr'>tui</span> <span class='ocrx_word' id='word_1_377' title='bbox 142 2455 347 2505; x_wconf 87' lang='lat' dir='ltr'>Religioso</span> <span class='ocrx_word' id='word_1_378' title='bbox 363 2480 376 2498; x_wconf 79' lang='lat'>‚</span> <span class='ocrx_word' id='word_1_379' title='bbox 395 2456 559 2506; x_wconf 86' lang='lat' dir='ltr'>suasque</span> <span class='ocrx_word' id='word_1_380' title='bbox 574 2454 842 2494; x_wconf 77' lang='lat' dir='ltr'>reassumendi</span> <span class='ocrx_word' id='word_1_381' title='bbox 858 2457 984 2494; x_wconf 87' lang='lat' dir='ltr'>vestes</span> <span class='ocrx_word' id='word_1_382' title='bbox 1005 2454 1228 2492; x_wconf 64' lang='lat' dir='ltr'>Saeculares</span> <span class='ocrx_word' id='word_1_383' title='bbox 1244 2464 1267 2490; x_wconf 90' lang='lat' dir='ltr'>a</span> <span class='ocrx_word' id='word_1_384' title='bbox 1285 2450 1396 2489; x_wconf 81' lang='lat' dir='ltr'>Scri-</span> 
     </span>
     <span class='ocr_line' id='line_1_46' title="bbox 58 2503 1393 2563; baseline -0.001 -20"><span class='ocrx_word' id='word_1_385' title='bbox 58 2505 142 2563; x_wconf 68' lang='lat' dir='ltr'>piis</span> <span class='ocrx_word' id='word_1_386' title='bbox 156 2509 205 2546; x_wconf 85' lang='lat' dir='ltr'>ad</span> <span class='ocrx_word' id='word_1_387' title='bbox 223 2511 326 2547; x_wconf 90' lang='lat' dir='ltr'>hunc</span> <span class='ocrx_word' id='word_1_388' title='bbox 345 2507 537 2548; x_wconf 60' lang='lat' dir='ltr'>er&#39;fet‘tum</span> <span class='ocrx_word' id='word_1_389' title='bbox 554 2508 705 2553; x_wconf 84' lang='lat' dir='ltr'>apertis</span> <span class='ocrx_word' id='word_1_390' title='bbox 719 2533 732 2552; x_wconf 89' lang='lat'>‚</span> <span class='ocrx_word' id='word_1_391' title='bbox 749 2509 974 2556; x_wconf 87' lang='lat' dir='ltr'>proutjoco</span> <span class='ocrx_word' id='word_1_392' title='bbox 992 2506 1117 2545; x_wconf 90' lang='lat' dir='ltr'>semel</span> <span class='ocrx_word' id='word_1_393' title='bbox 1135 2503 1393 2551; x_wconf 73' lang='lat' dir='ltr'>accepitmec</span> 
     </span>
     <span class='ocr_line' id='line_1_47' title="bbox 59 2555 1394 2609; baseline -0.004 -11"><span class='ocrx_word' id='word_1_394' title='bbox 59 2557 307 2600; x_wconf 70' lang='lat' dir='ltr'>xllidefuiffe</span> <span class='ocrx_word' id='word_1_395' title='bbox 320 2560 610 2601; x_wconf 89' lang='lat' dir='ltr'>Potentiorum</span> <span class='ocrx_word' id='word_1_396' title='bbox 639 2559 940 2609; x_wconf 67' lang='lat' dir='ltr'>protestionem</span> <span class='ocrx_word' id='word_1_397' title='bbox 969 2558 1019 2597; x_wconf 84' lang='lat' dir='ltr'>ad</span> <span class='ocrx_word' id='word_1_398' title='bbox 1045 2556 1260 2596; x_wconf 86' lang='lat' dir='ltr'>vitandum</span> <span class='ocrx_word' id='word_1_399' title='bbox 1283 2555 1394 2604; x_wconf 88' lang='lat' dir='ltr'>rigo-</span> 
     </span>
     <span class='ocr_line' id='line_1_48' title="bbox 62 2607 1395 2661; baseline -0.002 -13"><span class='ocrx_word' id='word_1_400' title='bbox 62 2620 151 2649; x_wconf 85' lang='lat' dir='ltr'>rem</span> <span class='ocrx_word' id='word_1_401' title='bbox 166 2608 384 2652; x_wconf 83' lang='lat' dir='ltr'>Paternum</span> <span class='ocrx_word' id='word_1_402' title='bbox 397 2639 409 2659; x_wconf 85' lang='lat'>‚</span> <span class='ocrx_word' id='word_1_403' title='bbox 429 2613 468 2651; x_wconf 91' lang='lat' dir='ltr'>in</span> <span class='ocrx_word' id='word_1_404' title='bbox 484 2614 576 2652; x_wconf 88' lang='lat' dir='ltr'>casu</span> <span class='ocrx_word' id='word_1_405' title='bbox 591 2610 784 2661; x_wconf 71' lang='lat' dir='ltr'>regressus</span> <span class='ocrx_word' id='word_1_406' title='bbox 799 2610 848 2649; x_wconf 84' lang='lat' dir='ltr'>ad</span> <span class='ocrx_word' id='word_1_407' title='bbox 865 2611 1084 2650; x_wconf 79' lang='lat' dir='ltr'>saeculum:</span> <span class='ocrx_word' id='word_1_408' title='bbox 1112 2622 1192 2660; x_wconf 93' lang='lat' dir='ltr'>quo</span> <span class='ocrx_word' id='word_1_409' title='bbox 1218 2620 1296 2647; x_wconf 87' lang='lat' dir='ltr'>uon</span> <span class='ocrx_word' id='word_1_410' title='bbox 1325 2607 1395 2646; x_wconf 86' lang='lat' dir='ltr'>ob·-</span> 
     </span>
     <span class='ocr_line' id='line_1_49' title="bbox 57 2658 1394 2714; baseline 0 -15"><span class='ocrx_word' id='word_1_411' title='bbox 57 2661 189 2701; x_wconf 75' lang='lat' dir='ltr'>stante</span> <span class='ocrx_word' id='word_1_412' title='bbox 204 2687 217 2707; x_wconf 77' lang='lat'><strong>‚</strong></span> <span class='ocrx_word' id='word_1_413' title='bbox 235 2664 272 2703; x_wconf 75' lang='lat' dir='ltr'>Sc</span> <span class='ocrx_word' id='word_1_414' title='bbox 287 2676 358 2712; x_wconf 84' lang='lat' dir='ltr'>pro</span> <span class='ocrx_word' id='word_1_415' title='bbox 373 2665 690 2705; x_wconf 86' lang='lat' dir='ltr'>continuatione</span> <span class='ocrx_word' id='word_1_416' title='bbox 707 2663 952 2705; x_wconf 88' lang='lat' dir='ltr'>Novitiatus</span> <span class='ocrx_word' id='word_1_417' title='bbox 966 2688 981 2710; x_wconf 83' lang='lat'>‚</span> <span class='ocrx_word' id='word_1_418' title='bbox 1008 2664 1048 2705; x_wconf 83' lang='lat'>&amp;</span> <span class='ocrx_word' id='word_1_419' title='bbox 1066 2674 1138 2714; x_wconf 86' lang='lat' dir='ltr'>pro</span> <span class='ocrx_word' id='word_1_420' title='bbox 1153 2658 1394 2701; x_wconf 82' lang='lat' dir='ltr'>admiffione</span> 
     </span>
    </p>
   </div>
   <div class='ocr_carea' id='block_1_2' title="bbox 56 2712 1395 2810">
    <p class='ocr_par' dir='ltr' id='par_1_4' title="bbox 56 2712 1395 2810">
     <span class='ocr_line' id='line_1_50' title="bbox 56 2712 1395 2810; baseline -0.001 -53"><span class='ocrx_word' id='word_1_421' title='bbox 56 2712 113 2757; x_wconf 75' lang='lat' dir='ltr'>ad</span> <span class='ocrx_word' id='word_1_422' title='bbox 127 2712 416 2759; x_wconf 75' lang='lat' dir='ltr'>Profeffionem</span> <span class='ocrx_word' id='word_1_423' title='bbox 433 2717 586 2770; x_wconf 67' lang='lat' dir='ltr'>scripto</span> <span class='ocrx_word' id='word_1_424' title='bbox 595 2716 844 2810; x_wconf 53' lang='lat' dir='ltr'>supplicavsp</span> <span class='ocrx_word' id='word_1_425' title='bbox 859 2745 869 2757; x_wconf 91' lang='lat'><strong>.</strong></span> <span class='ocrx_word' id='word_1_426' title='bbox 1295 2763 1395 2806; x_wconf 41' lang='grc' dir='ltr'>ΗΜ</span> 
     </span>
    </p>
   </div>
  </div>
 </body>
</html>
