1934 2954
526 133 540 159 ι
553 120 601 162 55

517 180 638 219 ptum
670 169 926 211 obeundum,
963 168 1150 207 Monitus
1184 175 1327 205 autem
1357 167 1576 216 Episcopus
1609 169 1676 208 die
1712 183 1769 216 19.
1790 170 1864 210 Se·

515 222 717 273 ptembris
753 225 866 267 1761,
888 248 899 265 ‚
936 232 980 260 ut
1012 221 1175 260 Sacram
1200 219 1571 269 Congregationem
1604 223 1863 261 infundam-2

520 275 715 318 redderet
736 300 746 318 ‚
779 284 1006 323 votumque
1020 274 1133 312 suum
1155 273 1361 317 aperiret,-
1393 273 1591 320 rescripsit
1611 276 1674 314 hic
1710 275 1776 314 die
1800 280 1863 314 26.

520 327 793 367 Novembris:
825 330 862 366 «Q
880 329 961 375 post
979 327 1094 371 plura
1109 334 1295 366 enarrata
1323 335 1466 364 contra
1486 326 1711 366 Parochum
1729 354 1741 372 ,
1761 329 1868 374 ejus-

522 393 601 432 que
619 379 921 426 Cappellanum
951 379 1247 424 Coadjutorem
1265 404 1277 422 ‚
1306 378 1509 424 subjunxit
1538 394 1564 413 :
1592 382 1867 431 Hiscepropte-

523 442 587 471 rea
605 433 707 469 malis
737 433 883 478 (verba
905 432 995 471 sunt
1019 432 1264 479 relationis)
1295 441 1488 481 opportuna
1506 432 1645 468 medela
1674 448 1694 471 a
1713 433 1870 472 Concilio

524 487 737 526 Tridentino
768 487 979 535 prescripta
1013 499 1199 523 occurrere
1207 485 1378 533 satagens
1396 509 1408 527 ‚
1435 496 1566 523 remoto
1584 486 1701 533 inviso
1719 487 1866 536 Cappel-

525 539 606 576 lano
623 564 634 583 ‚
665 539 777 577 alium
794 544 1050 587 morigeratum
1068 564 1080 582 ,
1116 543 1158 583 &
1174 541 1217 576 ab
1229 540 1551 577 Examinatoribus
1567 537 1806 587 Synodalibus
1821 539 1871 576 ad

528 593 660 630 Curam
672 594 898 630 Animarum
913 593 1080 629 idoneum
1095 602 1276 641 repertum
1293 618 1304 635 ‚
1322 595 1526 640 nuperrime
1543 594 1719 639 deputavi
1736 607 1762 626 =

481 644 660 694 Quaestio
677 645 814 694 itaque
843 645 893 684 de
909 645 1120 684 amotione
1139 645 1384 693 Cappellani
1401 671 1412 689 ,
1446 645 1483 683 S:
1501 644 1551 683 de
1569 643 1789 682 attentatis
1809 644 1868 684 as-

522 697 682 746 sumpta
701 698 753 736 est
774 728 782 740 ,
814 699 866 737 Et
884 699 1101 737 Promotor
1119 698 1284 739 Fiscalis
1303 697 1482 746 disputat
1498 721 1510 741 ‚
1541 695 1869 740 coadiutorem„

524 749 565 790 in
586 750 788 792 exercitio
816 751 932 792 Curae
963 751 1267 799 adiungendum
1292 748 1368 789 esse
1399 750 1582 789 Parocho
1613 748 1868 795 Cardinelli‚

522 813 604 842 non
623 813 747 851 quern
764 788 847 849 ipse
864 802 985 841 malit
1005 828 1016 846 ‚
1031 802 1097 840 sed
1114 814 1236 852 quern
1253 802 1470 852 Episcopus
1492 802 1620 852 elegit
1638 815 1652 841 ,·
1682 813 1777 839 cum
1796 800 1870 841 ille

524 852 790 894 Coadiutoris
806 866 927 903 opera
946 854 1129 903 indigeat
1154 867 1232 893 non
1252 855 1411 894 ratione
1439 854 1723 894 multitudinis
1741 853 1873 904 Popu-

523 905 554 945 li
586 929 598 948 ‚
628 907 742 960 juxta
772 906 1047 955 praescriptum
1089 908 1200 946 Sacri
1224 907 1405 947 Coucilii
1435 907 1672 947 Tridentini
1693 907 1784 956 sess.
1806 920 1872 946 21.

524 968 644 1007 cap.4.
661 959 706 995 de
722 958 885 1005 Reform.
904 984 916 1002 ‚
945 960 1011 998 sed
1030 960 1189 999 ratione
1216 959 1438 999 senestutis
1454 985 1466 1005 ,
1496 961 1565 999 vel
1595 960 1763 1009 propriae
1782 960 1874 998 cul-

523 1021 580 1059 pae
597 1036 609 1055 ‚
641 1011 754 1057 juxta
771 1011 1077 1061 dispositionem
1095 1013 1268 1053 alterius
1288 1012 1451 1053 Textus
1479 1017 1518 1050 in
1538 1011 1874 1066 cap.-·6'.“ej-usden2.‚

515 1063 703 1114 sess-21„
735 1064 828 1114 quia
858 1065 1201 1114 septuagesimum
1231 1065 1452 1116 septimum
1486 1064 1772 1113 agens‘aetatis
1800 1075 1874 1102 an-

522 1127 647 1160 num,
672 1116 782 1162 vires
827 1117 1013 1159 sensuum
1033 1145 1044 1163 ‚
1074 1119 1112 1160 8<
1145 1118 1299 1157 mentis
1331 1118 1464 1158 amisit
1495 1129 1504 1155 :
1533 1119 1572 1158 ὃς
1601 1116 1640 1156 in
1672 1115 1865 1155 Pastorali
1898 1122 1902 1129 ‘

525 1168 774 1210 Visitatione
804 1171 967 1219 peraeta
988 1173 1126 1211 mense
1143 1171 1311 1220 Augusti
1332 1170 1549 1217 superioris
1564 1169 1659 1208 anni
1689 1180 1876 1218 comper-
1905 1203 1912 1210 .

523 1230 615 1262 tum
635 1222 689 1261 est
705 1248 716 1267 ‚
733 1223 1003 1275 quinquagies
1021 1221 1263 1273 descripsisse
1280 1223 1491 1266 duplicem
1506 1220 1672 1261 Missam
1690 1233 1771 1261 uno
1784 1221 1871 1268 die,

524 1275 681 1315 multas
700 1276 846 1326 absque
864 1276 1108 1317 necessitate
1136 1274 1372 1324 anticipasse
1388 1302 1400 1321 ‚
1432 1277 1562 1315 &non
1581 1285 1730 1325 paucas
1759 1274 1868 1313 omi-

522 1326 606 1364 fiffe
621 1352 634 1371 ‚
664 1336 710 1365 ut
723 1327 856 1368 refert
875 1329 1094 1378 Episcopus
1113 1342 1121 1368 :
1151 1329 1316 1368 additur
1344 1338 1542 1377 praeterea
1561 1354 1573 1373 ‚
1607 1328 1716 1379 quod
1741 1326 1871 1367 sur-di-

523 1388 612 1420 tate
630 1379 817 1421 laborans
831 1381 976 1433 nequit
994 1383 1072 1423 fine
1091 1382 1279 1422 scandalo
1291 1380 1572 1421 Confessiones
1588 1382 1870 1420 Sacram-enta-

525 1433 586 1472 les
615 1432 804 1482 excipere
820 1461 833 1479 ‚
863 1434 1052 1485 quodque
1077 1447 1098 1473 a
1114 1434 1397 1486 quinquennio
1413 1434 1578 1484 degens*
1599 1434 1637 1474 in
1660 1433 1783 1471 'Villa
1800 1431 1874 1470 Po-

525 1484 613 1528 dii,
643 1497 734 1523 raro
754 1487 918 1527 accedit
935 1485 1075 1526 diebus
1091 1482 1201 1527 festis
1228 1488 1276 1527 ad
1295 1487 1519 1525 Ecclesiam
1554 1485 1871 1525 parochialem„

531 1537 751 1580 Gimiliani
779 1537 867 1579 fere
881 1541 999 1579 mil-le
1016 1539 1144 1587 pats'us
1160 1553 1182 1579 a
1197 1540 1309 1578 Villa
1326 1539 1543 1579 distantem
1562 1564 1575 1583 ,
1607 1537 1733 1577 defidi
1761 1536 1870 1586 Cap—

529 1590 698 1639 pellano
718 1592 955 1634 concredita
984 1593 1096 1631 illius
1116 1593 1222 1631 Cura
1241 1618 1252 1636 ‚
1280 1593 1318 1630 ἃ
1333 1592 1530 1630 bonorum
1548 1589 1872 1629 administratio-

529 1653 580 1683 ne
599 1666 612 1685 ,
647 1651 692 1680 ut
710 1644 888 1691 plurium
911 1643 1091 1683 Testium
1126 1644 1376 1692 depositione
1411 1645 1588 1683 constare
1615 1643 1656 1681 in
1681 1642 1871 1682 Proceffu

528 1693 757 1743 compilato
775 1697 970 1745 superiori
985 1698 1122 1738 mense
1138 1697 1386 1737 Novembris
1400 1697 1570 1737 testatur
1581 1695 1868 1737 Cancellarius

531 1747 666 1788 Curire
687 1746 938 1794 Episcopalis
961 1778 969 1789 .

476 1799 777 1849 'Remotionem
793 1799 954 1848 insuper
971 1800 1214 1851 Cappellani
1246 1799 1433 1840 defendit
1470 1799 1687 1839 Promotor
1704 1799 1873 1850 Fiscalis

531 1851 692 1891 ratione
707 1852 794 1896 ejus
809 1854 939 1902 *culpae
952 1866 966 1892 ,-
989 1857 1089 1894 curn'
1100 1852 1246 1905 afferat
1260 1852 1724 1898 Cancellarius‚probari
1742 1863 1789 1892 ex
1808 1863 1877 1892 eo-

535 1905 631 1944 dem
649 1902 832 1943 Proceffu
851 1931 862 1950 ‚
895 1906 1001 1956 quod
1019 1907 1091 1946 ille
1125 1907 1172 1945 sit
1206 1905 1356 1944 invisus
1379 1905 1537 1953 Populo
1566 1908 1617 1944 ob
1635 1904 1840 1946 demerita
1859 1928 1875 1948 ‚

530 1956 732 1997 continuo
748 1970 895 2007 vagans
916 1985 927 2003 ‚
959 1957 1197 1998 delibidine
1225 1959 1424 2007 suspet‘tus
1443 1983 1455 2001 ,
1485 1959 1524 1998 ὃς
1550 1959 1763 2008 negligens
1793 1958 1868 1996 in.»

533 2010 1030 2061 expositioneEvangelii
1051 2037 1064 2055 ‚
1093 2014 1131 2052 3<
1151 2012 1352 2050 Dostrinae
1377 2011 1609 2051 Christiana·
1641 2012 1784 2050 diebus
1816 2008 1875 2048 fe·-
1909 2009 1912 2014 '

531 2063 594 2102 stis
614 2075 625 2105 z¹
654 2062 844 2115 quodque
863 2066 1147 2105 moribundam
1166 2065 1384 2115 reliquerit
1410 2065 1494 2103 fine
1523 2064 1765 2106 assistentia:
1794 2062 1873 2101 Po-

534 2116 630 2164 pulo
659 2115 784 2156 semel
813 2119 1076 2158 commodum
1117 2117 1311 2158 audiendi
1334 2118 1512 2156 >Sacrum
1540 2116 1744 2158 ademerit
1773 2114 1871 2153 die-2

531 2168 755 2209 Dominico
771 2194 783 2212 ,
811 2169 972 2210 Missam
987 2184 1063 2211 non
1080 2171 1349 2212 celebrando:
1378 2169 1625 2219 Lampadem
1642 2168 1867 2210 extincftam

531 2222 751 2263 retinuerit
769 2233 863 2263 ante
880 2222 1209 2265 Tabernaculum
1228 2251 1239 2269 ‚
1272 2224 1376 2263 licet
1391 2235 1412 2261 a
1432 2222 1589 2273 Populo
1606 2220 1870 2263 necessarium

533 2273 694 2313 Oleum
708 2274 955 2322 accepisset:
987 2280 1024 2317 ὃς
1043 2278 1187 2316 damna
1204 2275 1366 2316 dederit
1392 2275 1511 2314 Bonis
1529 2276 1712 2315 Ecclefiae
1733 2298 1745 2317 ⁹
1774 2272 1868 2310 [[10-

532 2339 620 2364 rum
640 2339 763 2376 opera
782 2354 794 2373 ,
814 2327 1032 2368 incidendo
1049 2330 1258 2376 Arbores,
1284 2329 1483 2379 pascendo
1504 2327 1729 2372 Animalia,
1747 2325 1785 2365 ὅ(
1801 2324 1870 2364 de-

533 2379 705 2419 serendo
719 2381 927 2420 culturam
944 2411 954 2421 .

481 2433 654 2476 Exhibet
675 2445 838 2485 quoque
855 2443 996 2473 contra
1013 2433 1251 2484 immistum
1266 2434 1564 2485 Cappellanum
1578 2432 1678 2471 alias
1697 2429 1874 2469 Cancel-

533 2485 626 2523 larii
643 2486 929 2525 attestationes
949 2508 961 2531 >‚
991 2486 1098 2539 quod
1118 2489 1351 2539 perquisitis
1383 2488 1483 2526 assis
1510 2484 1789 2524 Concursuum
1821 2482 1873 2522 ad

536 2535 736 2577 Ecciefias
755 2537 1018 2579 parochiales
1033 2567 1047 2585 ‚
1081 2541 1154 2580 ille
1171 2541 1342 2580 minime
1359 2539 1560 2589 reperitur
1587 2536 1628 2574 in
1647 2536 1703 2574 eis
1729 2542 1877 2586 appross-

534 2589 651 2627 batus
682 2590 732 2628 ad
747 2590 900 2631 Curam
918 2592 1192 2632 Animarum:
1226 2593 1416 2644 quodque
1436 2589 1585 2639 pluries
1603 2588 1765 2628 delatus
1794 2587 1879 2630 fuit

534 2640 585 2678 ad
600 2640 764 2679 Curiam
794 2644 1112 2694 Episcopal‘emc‚
1144 2648 1194 2685 ob
1215 2644 1406 2692 injuriam
1432 2640 1593 2680 cuidam
1621 2642 1807 2680 Merloni
1826 2644 1894 2682 i1-.

535 2693 779 2740 latam5·obz
793 2695 983 2746 subrepta
1012 2698 1233 2749 Mororum
1253 2696 1392 2739 folia,
1421 2694 1472 2732 ob
1501 2695 1735 2743 neglet‘ium
1761 2693 1878 2738 Curae

1152 2772 1153 2775 =
1762 2759 1878 2793 exet}
