1934 2954
405 145 1198 190 CONCLUSIONUM.

115 231 305 264 Potesttamen
315 232 483 260 contrarium
492 240 581 259 caveri
591 241 618 259 in
627 233 721 260 limine
733 229 793 259 fun-

82 270 200 299 dationis
214 290 221 296 .
237 277 299 304 pag.
319 272 376 300 196.
389 266 510 302 §.Siqver
521 287 528 293 .

117 304 169 334 Sed
178 304 243 333 citra
254 300 427 331 voluntatem
440 300 598 330 Fundatoris
623 302 717 336 nequit
730 303 794 330 Hx-

83 350 124 369 ies
136 337 344 402 ›stJURVimfflS
354 336 652 404 Generagisljerogare
670 335 794 372 synodali

85 384 135 404 con
163 381 275 402 itutioni
286 393 292 399 .
333 383 349 400 a
369 395 376 401 .
391 383 399 400 i
422 382 438 403 7
477 393 483 399 .
529 382 600 400 erum
613 394 619 400 .

118 410 152 438 Et
163 383 531 444 quomodoiitinteingenda
543 408 694 436 conventio
703 405 795 435 fruen-

82 444 112 475 di
122 442 300 480 pxaecedentia
311 444 386 476 iuxta
394 443 520 471 ordinem
533 443 724 471 antianitatis?
744 453 796 479 pa-

80 481 140 517 gin.
153 489 211 513 197.
225 478 248 510 §.
264 477 363 517 Versum
376 500 383 506 .

52 515 183 545 eanonici
195 514 224 541 in
235 511 374 542 funeribus
386 535 394 546 ‚
410 522 494 548 quam
505 511 626 541 habeant
647 512 798 547 praeceden-

88 552 176 580 tiam?
196 548 267 577 Vide
284 548 372 577 Funus
387 571 395 583 ,

53 585 221 621 capitulares
232 582 356 612 absentes
373 583 443 612 ultra
454 583 556 620 viginti
568 581 799 620 milliaria-italica

86 620 207 649 vocandi
219 629 275 648 non
291 618 350 648 sunt
360 629 392 647 ex
404 617 598 647 consuetudine
606 617 725 645 Ecclcuae
737 618 800 644 Tri-

86 656 203 720 dciyi‘iiia:
216 676 225 687 ,
244 653 291 683 nisi
302 665 351 690 pro
364 652 419 683 sola
432 653 562 682 electione
575 651 707 687 Episcopi.
716 663 745 688 p.
758 662 796 685 17.

107 714 112 718 .
142 703 158 719 n
178 702 191 719 e
209 700 239 718 ue
251 712 259 718 .

54 728 76 756 C
81 697 225 758 :initularqes
249 724 461 759 deliberationes
473 723 616 757 capiuntur
634 732 682 756 per
693 723 802 756 majora

91 759 218 798 ffiffingia
230 783 237 789 .
254 772 291 797 pa
312 783 317 788 .
335 771 375 799 173
386 761 408 792 §.
423 759 536 795 Indeque
545 778 556 797 .·
741 793 746 797 .

54 797 224 832 Capitnlares
236 795 289 825 deli
329 803 444 823 rationes
456 792 564 827 expedit
576 802 632 820 non
643 801 803 821 committe-

90 843 118 861 re
131 833 210 861 unius
235 830 406 861 covnationis
419 828 534 857 arbitrio
548 850 557 862 ‚
575 827 747 856 admittendo
768 828 802 856 ad

92 867 235 897 ferendum
261 855 420 904 siiffragiurn
439 863 526 903 plures
549 886 558 897 ‚
587 872 678 902 quarti-
694 862 749 890 duo
769 873 802 891 ex

89 903 203 940 Agnatis
216 926 224 937 ,
241 902 422 965 vqudeiolgnatis
429 901 560 934 primi,&
572 895 680 926 secundi
691 897 800 934 gradus.

92 943 99 948 '
109 949 152 966 av.
168 948 179 966 x
202 958 209 965 .
238 959 246 966 .
340 944 367 963 nt
377 957 382 962 .

87 950 107 976 P
125 963 160 1002 iit
171 938 271 1001 [sagita
291 971 345 1001 hoc
358 968 472 1004 desuper
483 968 556 997 edita
578 967 729 1008 approbata
742 967 802 998 fue-

92 1017 154 1037 runt
165 1017 183 1036 a
193 1010 274 1036 sacra
285 1005 508 1042 Congregarione
519 1025 525 1031 .
546 1003 646 1031 Ibidem
655 1024 662 1031 .

125 1045 209 1072 Prour
232 1044 317 1071 etiam
328 1043 366 1069 im
387 1040 498 1068 robatur
519 1036 582 1067 usus
593 1038 684 1073 palam
706 1036 802 1067 suffra-

90 1077 179 1142 gaizldi
188 1079 217 1107 in
229 1077 372 1113 capitulari
392 1085 422 1103 us
434 1073 678 1103 deliberationibus
685 1084 750 1111 pag.
763 1084 804 1107 17.

93 1119 116 1146 9.
196 1122 242 1142 wit
256 1136 262 1141 .

127 1150 161 1177 Er
199 1149 374 1183 apitularium
387 1145 550 1174 statutorum
559 1142 721 1173 reformatio
732 1153 807 1172 com-

99 1184 229 1213 mendata
241 1185 270 1213 in
281 1183 393 1218 Synodo
406 1178 567 1209 Dioecesana
582 1178 753 1207 rationabilis
766 1179 805 1207 di·

94 1218 179 1247 cenda
190 1218 228 1248 est
241 1241 247 1247 .
263 1230 328 1256 pag.
345 1228 384 1250 17.
400 1218 423 1249 ᾗ.
434 1215 548 1255 Addunt
561 1236 568 1242 .
738 1249 743 1253 Ι

129 1256 217 1290 Atque
227 1257 374 1283 Decretum
386 1251 504 1285 Capituli
516 1248 569 1278 lioc
581 1248 694 1284 desuper
700 1248 806 1278 editum

97 1288 275 1335 confirmatur
286 1289 366 1318 Brevi
377 1285 534 1322 apostolico
546 1307 552 1314 .
568 1295 633 1323 pag.
650 1295 660 1313 i
669 1295 691 1318 ς.
703 1285 726 1317 §.
740 1284 768 1312 T
766 1285 804 1312 ri-

99 1334 207 1354 dentum
222 1348 227 1353 .

63 1360 220 1394 Capitulum
233 1359 404 1389 cathedralis
415 1381 423 1393 ‚
434 1354 544 1395 eiusque
556 1354 646 1394 prima
656 1354 787 1390 Dignitas
798 1378 808 1390 ‚

98 1404 134 1423 an
146 1397 187 1430 ius
201 1394 302 1424 habeat
315 1391 523 1423 administrandi
536 1387 668 1424 Episcopo
676 1398 808 1429 aegrotan-

99 1430 119 1457 ti
132 1432 304 1460 Sacramenta
315 1425 506 1459 Eucharistiae,
525 1428 551 1453 &
563 1433 689 1453 extremae
701 1425 806 1453 unitio-

97 1465 165 1495 nis?
178 1477 217 1503 pa
237 1488 244 1493 .
260 1466 336 1500 58.§.
354 1462 440 1493 VIII.
493 1496 498 1501 ι
534 1497 540 1501 ι
619 1494 624 1499 .
702 1494 707 1499 ,
750 1495 755 1500 ι

63 1500 193 1535 capitulo
203 1477 373 1530 Cgathedralis
383 1505 517 1538 competit·
534 1504 575 1530 jus
588 1493 709 1535 erigendi
727 1493 806 1535 binas

100 1537 200 1565 Cruces
223 1538 250 1565 in
262 1533 472 1564 Proceffiombus
485 1555 493 1565 ,
511 1541 540 1558 in
551 1529 649 1565 qulbus
661 1539 809 1558 intervenit

99 1571 258 1609 Collegium
269 1569 456 1599 Parochorum
470 1591 478 1601 ,
486 1576 571 1594 unam
583 1574 644 1593 ante
657 1564 812 1604 Mansiona-

99 1605 155 1635 rios
166 1630 176 1642 ,
193 1611 221 1636 &
233 1603 420 1635 Seminaristas
431 1627 440 1638 ‚
458 1603 572 1630 alteram
594 1609 658 1628 ante
674 1598 746 1634 ipsos
759 1602 810 1630 Ca-

101 1643 231 1671 nonieos.
245 1653 311 1680 pag.
328 1644 367 1674 58.
381 1641 404 1673 §.
419 1637 490 1678 IX„
640 1670 645 1675 .

68 1676 188 1711 Capituli
209 1675 379 1706 Cathedralis
401 1672 542 1703 consilium
566 1680 706 1710 exquirere
728 1669 811 1700 debet

103 1712 248 1749 Epiicopus
260 1714 288 1740 iri
302 1709 537 1740 administratione
549 1708 652 1740 jurium
664 1704 814 1735 Carhedra·

102 1745 139 1774 *lis
152 1770 159 1776 .
195 1759 212 1775 a
233 1770 239 1775 .
251 1758 294 1780 -4.
306 1748 330 1779 §.
345 1746 438 1783 Etprv
467 1753 521 1772 arte
533 1763 540 1770 .

71 1758 195 1816 Capituli,
201 1759 370 1811 gatiiedralis
382 1791 434 1809 con
445 1779 523 1819 ilium
534 1802 542 1812 ‚
561 1780 589 1816 ὃς
595 1774 755 1805 consensum
768 1788 812 1805 ex-

106 1818 211 1850 quirere
222 1827 279 1845 non
296 1826 401 1845 tenetur
414 1812 566 1851 Episcopus·
582 1821 611 1839 in
620 1812 812 1846 promovendo

108 1851 205 1880 divino
215 1852 288 1880 cultu
301 1872 308 1878 .
322 1862 386 1889 pag.
397 1862 439 1883 74.
453 1851 477 1881 §.
492 1848 628 1887 Addunt„
787 1883 793 1888 .

74 1887 231 1921 Capitulum
251 1885 422 1914 Cathedralis
445 1883 586 1922 quodnam
608 1891 649 1916 jus
673 1880 773 1922 habeat
785 1893 814 1911 in

108 1923 242 1951 Oratorio
261 1921 355 1950 relisto
374 1923 403 1950 in
415 1921 477 1949 loco
491 1927 605 1952 antiqua:
617 1915 788 1946 Cathedrahs
802 1921 817 1947 ἓ

108 1968 170 1995 pag.
182 1964 224 1990 7⁶·
239 1958 263 1990 §.
275 1955 423 1992 Capitulum
437 1977 443 1982 .
564 1989 568 1993 Ι

76 1993 234 2027 Capitulum
246 2001 399 2020 convocare
407 2001 463 2018 non
477 1989 511 2017 ad
522 1986 685 2023 Episcopum
698 2011 706 2022 ‚
725 1986 770 2016 scd
783 1988 818 2016 ad

111 2030 253 2056 Decanum
265 2025 282 2055 s
295 2027 365 2055 caat
376 2047 382 2053 .
400 2036 463 2066 pag.
478 2030 519 2052 16.
531 2025 554 2056 §.
569 2022 698 2062 Decanus
711 2042 718 2061 .·
755 2057 760 2062 ι
788 2058 792 2062 ἱ

75 2063 193 2097 Capituli
207 2037 322 2097 potestas
335 2059 429 2089 residet
443 2070 471 2087 in
483 2067 582 2092 maiori
595 2078 604 2089 ,
623 2061 650 2085 δε
660 2055 762 2084 samon
785 2056 819 2085 ll-

110 2099 161 2126 lius
173 2107 262 2132 paite.
278 2107 342 2133 pao.
357 2106 397 2129 17.
413 2096 435 2127 §.
445 2094 557 2133 Indeque
567 2113 573 2119 .

77 2133 232 2167 Capitulum
245 2120 337 2167 quoail
349 2129 444 2159 funera
457 2151 463 2158 .
483 2127 552 2157 Vide
564 2125 592 2154 F
590 2136 657 2166 {mus
669 2147 676 2154 .
747 2161 752 2165 ἱ

78 2168 196 2204 Capituli
216 2167 316 2196 statuta
339 2176 388 2201 pro
399 2174 495 2193 eorum
516 2161 660 2201 validitate
679 2170 816 2196 requirunt

58 2216 61 2218 ·
112 2204 303 2232 austeritatem
316 2200 508 2236 Episcopi‚quae
520 2195 772 2236 plenius-suppletur
782 2206 819 2224 ex

112 2237 247 2267 reservata
256 2261 263 2272 ,
272 2241 297 2266 ἃ
311 2236 470 2271 superventa
481 2234 690 2262 confirmatione
702 2231 820 2266 Aposto-

112 2273 164 2302 lica
177 2295 182 2301 .
199 2285 262 2312 pag.
280 2273 352 2304 16.§.
368 2270 494 2298 Decanus
509 2290 514 2295 .

80 2308 199 2344 Capituli
211 2308 310 2336 statuta
322 2331 331 2342 ,
349 2307 434 2335 ctiam
446 2314 500 2332 non
510 2301 670 2331 confirmata
680 2311 697 2329 a
707 2304 731 2330 S.
744 2301 820 2336 Sede,

51 2353 53 2355 '
113 2343 205 2373 valida
220 2342 281 2372 sunt
293 2344 321 2371 in
334 2352 365 2369 ea
373 2350 448 2376 parte
461 2363 470 2375 ‚
488 2348 541 2373 qua
554 2338 669 2365 minime
680 2336 824 2365 adversan-

114 2383 159 2408 tur
170 2379 222 2413 juri
236 2379 375 2406 communi
389 2399 395 2403 .
412 2386 476 2413 pag.
489 2385 517 2402 zi
527 2384 548 2406 5.
560 2375 583 2405 ς’.
595 2372 632 2400 Et
642 2372 712 2400 ultra
726 2393 733 2399 .
779 2408 784 2413 ι
804 2409 808 2413 .

82 2414 257 2449 cappellania
269 2411 427 2441 amovibilis
440 2410 474 2438 ad
486 2419 582 2448 nutum
595 2407 697 2436 nullam
711 2417 822 2441 requirit

115 2448 222 2477 causam
237 2448 413 2477 inamorioue
427 2444 592 2483 Cappellani‚
603 2441 755 2470 dummodo
766 2453 823 2471 non

117 2482 203 2550 giatAin
216 2484 313 2512 odium
326 2504 334 2516 ,
353 2482 398 2511 vel
408 2490 470 2510 cum
482 2480 554 2507 illius
565 2477 695 2507 dedecore
708 2499 714 2506 .
731 2481 823 2514 p.208.

136 2540 143 2546 .
184 2519 239 2547 ddit
253 2541 258 2547 .

153 2553 258 2582 odimn
271 2563 364 2582 tamen
386 2562 442 2581 non
453 2548 624 2586 praesumitur
641 2549 682 2577 uti
703 2547 827 2577 redolens

121 2586 250 2616 delistum
262 2609 269 2616 .
287 2588 388 2617 Ibidem
399 2609 406 2615 .
711 2619 716 2624 .

85 2623 266 2657 Cappellaniae
277 2624 377 2652 crestio
391 2622 496 2651 decreta
510 2620 562 2648 fuir
573 2629 605 2648 ex
618 2618 774 2648 haereditate
787 2628 826 2647 re-

121 2657 185 2686 licta
195 2668 245 2693 pro
251 2658 432 2687 celebratione
443 2656 586 2686 Miffarum
600 2677 606 2683 .
623 2665 687 2693 pag.
703 2664 743 2688 33.
758 2655 780 2686 §.
791 2654 828 2683 Et

121 2693 150 2720 in
160 2691 283 2730 Perufina
297 2715 303 2721 .

84 2727 264 2765 eappcnaniae
283 2728 385 2757 erectio
398 2725 524 2763 permissa
535 2725 589 2756 fuit
612 2735 644 2755 ex
655 2724 747 2762 legato
755 2724 825 2756 Mis-

1493 159 1577 200 257

864 228 959 269 sar-nin·
981 241 1058 259 unica
1084 241 1142 258 vice
1155 229 1379 259 celebrandarum
1394 253 1399 259 .
1416 232 1511 274 pagin.
1535 238 1578 261 δι.

864 270 886 298 ς.
900 265 1063 303 Ηιψψποαὶ
1074 287 1080 293 .

828 300 1009 335 Cappcllainae
1021 301 1120 329 erec'kio
1134 311 1166 329 ex
1175 299 1267 337 legato
1280 299 1423 329 Miss'arum
1449 311 1580 338 perpetuo

865 335 1089 398 celebrdandarum
1101 336 1234 373 denegata
1246 334 1298 363 fuit
1312 357 1318 363 .
1335 347 1400 374 pag.
1423 340 1465 365 81.
1480 338 1503 370 ς’.
1517 337 1579 366 Hu-

877 382 892 398 ll
907 382 949 398 mo
968 382 977 399 l
991 393 999 400 ⁴

832 382 1056 441 cgpssellaniaean
1067 405 1202 443 erigendae
1216 404 1265 434 sint
1275 415 1307 434 ex
1321 405 1475 440 multiplico
1487 408 1583 438 relicto

868 452 917 476 pto
934 441 1075 470 Praelatura
1089 445 1103 470 ?
1119 453 1183 479 pag.
1199 451 1257 473 ης.
1271 442 1294 473 §.
1311 440 1408 469 Verum
1423 463 1429 470 .

832 477 1011 514 Cappellanioe
1034 477 1136 504 laicalis
1149 477 1249 504 erectio
1273 478 1299 503 in
1313 474 1477 505 Beneficium
1491 477 1583 506 Eccle-

867 510 1001 540 liasticum
1014 511 1224 543 commendatur
1232 521 1248 540 a
1255 511 1366 547 Synodo
1374 512 1582 541 Mediolanensi.

864 558 932 585 pag.
944 552 986 575 80.
1001 548 1024 580 §.
1039 546 1134 575 Preces
1150 569 1156 575 .

834 583 875 610 Ca
895 582 1016 616 pellaniae
1032 583 1136 611 laicalis
1155 582 1258 611 ereffio
1280 583 1308 610 in
1319 581 1482 611 Beneficium
1495 582 1585 612 Eccle-

882 616 1005 645 iasticum
1020 641 1028 652 ,
1046 619 1136 654 vergit
1158 619 1186 645 in
1201 627 1398 655 augumentum
1411 618 1498 647 cultus
1510 618 1585 647 divi-

871 653 899 679 ni
909 675 915 680 .
953 664 996 690 ag.
1009 657 1052 681 80.
1065 655 1088 686 ἑ.
1102 653 1202 690 ,Iustam
1216 675 1222 681 .

837 688 928 721 Cappe
940 688 1012 716 lania
1024 688 1127 716 laicalis
1140 687 1180 716 est
1192 712 1201 723 ‚
1219 688 1330 723 quando
1355 687 1447 717 deficit
1459 687 1585 724 Episcopi

873 723 1021 751 austoritas
1034 725 1062 752 in
1076 724 1213 752 eree'tione
1230 745 1236 751 .
1251 735 1315 762 pag,
1330 735 1372 757 95.
1387 725 1410 757 ξ.
1434 724 1471 751 Er
1478 725 1566 760 primo
1578 744 1585 751 .

838 757 1019 792 Cappellaniae
1033 759 1130 787 relichae
1143 757 1310 787 scholaribus
1320 760 1461 793 requirunt
1472 759 1585 793 qualita-

873 792 1074 860 ξεῃὲὲεὴοὶᾳιὶε
1085 795 1156 822 ac'tu.
1160 805 1226 834 pag.
1240 799 1282 828 69.
1295 795 1319 826 §.
1331 793 1490 830 ,Ιαηιιεη-,ἃ
1497 805 1526 831 p.
1538 805 1582 829 70.

892 850 898 856 .
960 839 1008 858 ver
1019 840 1050 857 us
1062 850 1069 857 .

909 865 943 892 Et
955 830 1115 899 qualitatem
1125 862 1289 892 scholarisin
1301 863 1349 892 tali
1361 862 1453 893 schola
1465 863 1585 902 defigna-

874 907 901 927 ta
915 921 920 926 .
936 911 999 937 pag.
1013 910 1055 932 70.
1065 901 1088 932 §.
1101 899 1251 937 Etstudium
1264 921 1271 928 .

909 936 950 962 An
961 945 1029 963 vero
1040 934 1159 963 studium
1169 934 1300 963 ineadem
1314 933 1407 964 schola
1418 934 1517 964 debeat
1529 933 1581 963 effe

874 971 1066 998 continuatum
1079 969 1132 998 sine
1143 968 1336 998 intermissione
1349 972 1363 999 ἓ
1378 982 1408 1008 p.
1421 981 1464 1004 71.
1479 972 1503 1003 §.
1512 969 1588 1009 Quia

873 1015 936 1035 vcro
949 1026 956 1032 .

907 1041 941 1068 Et
953 1040 1018 1075 quid
1031 1039 1048 1068 fi
1062 1042 1090 1069 in
1102 1039 1218 1068 scholari
1228 1051 1283 1069 non
1297 1050 1459 1070 concurrant
1471 1040 1588 1075 quatita-

876 1083 915 1103 tes
927 1085 977 1109 pro
990 1076 1060 1106 illius
1072 1074 1230 1105 admissione
1250 1074 1284 1103 ad
1296 1074 1417 1104 scholam
1430 1074 1559 1110 requisita:
1572 1078 1591 1103 ἒ·

871 1120 937 1147 pag.
951 1121 993 1144 71.
1007 1112 1030 1142 §.
1043 1111 1212 1146 opponitur.

842 1144 1022 1179 Cappellanus
1035 1156 1127 1174 autem
1152 1155 1245 1174 carens
1259 1144 1389 1180 requisitis
1412 1144 1591 1179 qualitatibus

877 1181 1059 1209 removendus
1068 1180 1108 1209 est
1124 1204 1132 1215 ,
1150 1180 1381 1214 contemplatione
1395 1179 1542 1213 substituti,
1555 1180 1588 1208 li·

878 1225 919 1243 cet
931 1216 1069 1257 ordinatus
1078 1215 1161 1245 fuerit
1173 1216 1301 1244 Sacerdos
1308 1216 1389 1244 titulo
1398 1215 1589 1251 Cappellauiae.

873 1251 1266 1326 Iafiidztiiigugrvcid‘gssffiidum
1279 1284 1318 1314 est
1331 1287 1372 1320 jus
1385 1285 1486 1323 agendi
1496 1294 1591 1313 contra

874 1320 1058 1348 Ordinanrem
1069 1342 1076 1348 .
1097 1320 1198 1348 Ibidem
1211 1342 1217 1347 .

844 1355 1050 1389 Cappellaniam
1063 1355 1264 1383 Sacerdotalem
1287 1353 1440 1389 assequendi
1452 1352 1591 1389 dispensa-

878 1391 919 1418 tio
931 1390 1089 1427 indulgetur
1100 1390 1208 1418 Clerico
1220 1413 1228 1424 ,
1239 1388 1289 1418 sub
1299 1399 1382 1418 oriere
1393 1388 1592 1418 affumendisa-

877 1425 1031 1454 cerdotium
1042 1447 1052 1459 ‚
1072 1435 1135 1453 curn
1147 1426 1268 1460 primum
1297 1426 1433 1454 ervenerit
1455 1424 1491 1453 ad
1502 1424 1594 1461 legiti-

877 1469 954 1489 mam
967 1470 1075 1489 aetatem
1090 1483 1096 1489 .
1134 1472 1177 1499 ag.
1189 1468 1231 1494 ⁶7·
1245 1461 1268 1493 §.
1296 1469 1360 1489 uxta
1374 1482 1382 1488 .

882 1531 887 1535 Ι
913 1497 947 1524 Et
965 1497 1063 1525 iteruin
1075 1472 1220 1524 suii'onere
1232 1495 1382 1524 assumendi
1404 1494 1592 1524 Sacerdotium

879 1529 952 1599 ¹§nfss
962 1532 1112 1595 rernnbiffinum
1120 1531 1157 1560 ab
1167 1529 1300 1566 Episcopo
1314 1529 1507 1569 praefigendum
1517 1535 1593 1567 p.67.

901 1588 907 1595 .
953 1578 965 1595 e
979 1578 995 1595 u
1039 1578 1068 1595 a.

916 1568 1064 1632 Augurem
1081 1601 1239 1637 huiusmodi
1251 1600 1416 1637 dispensatio
1439 1599 1595 1638 praeiudi‘eet

881 1634 1030 1667 substituto
1037 1640 1092 1673 iarn
1104 1636 1221 1666 admiffo
1228 1637 1263 1666 ad
1271 1637 1452 1672 Cappellaniae
1459 1634 1594 1672 poffessio-

880 1681 945 1701 nem
958 1679 966 1701 ?
981 1685 1020 1710 pa
1040 1697 1044 1701 .
1063 1675 1138 1707 68.§.
1149 1672 1308 1702 Reclamat.

917 1709 950 1736 Er
962 1710 1009 1744 qui
1041 1718 1146 1738 attenta
1158 1709 1287 1743 qualitate
1298 1706 1480 1743 Cappellaniae
1493 1707 1522 1734 in
1529 1707 1592 1735 titu-

881 1741 940 1771 lum
952 1754 1009 1773 non
1019 1744 1153 1774 collativae
1168 1746 1183 1773 ἓ
1198 1755 1264 1782 pag.
1277 1750 1319 1778 69.
1332 1746 1356 1776 §.
1370 1742 1429 1771 His
1441 1751 1528 1771 tamen
1542 1762 1552 1770 .

848 1778 1024 1812 cappellania
1037 1800 1043 1806 .
1061 1779 1132 1807 Vide
1143 1778 1302 1816 Beneficium
1314 1800 1321 1807 .
1577 1811 1582 1815 ¹

847 1812 1026 1847 cappellanus
1046 1813 1204 1842 amovibilis
1226 1814 1261 1842 ad
1272 1822 1370 1842 nutum
1391 1821 1483 1847 petere
1502 1819 1598 1845 nequit

884 1849 1128 1885 reintegrationem
1141 1872 1150 1882 ‚
1168 1847 1187 1875 fi
1206 1846 1288 1877 fuerit
1309 1857 1420 1876 amotus
1440 1846 1494 1875 fine
1516 1844 1598 1875 causa

879 1893 945 1922 pag.
961 1888 1021 1913 208.
1034 1885 1057 1916 §.
1069 1882 1206 1911 Patronus
1219 1904 1226 1911 .
1486 1908 1489 1910 .

923 1919 1002 1957 Quid
1023 1918 1040 1946 si
1051 1918 1193 1953 deputerus
1214 1916 1297 1946 fuerit
1317 1917 1351 1946 ad
1361 1918 1448 1945 vitam
1463 1940 1472 1950 ,
1490 1916 1536 1945 vel
1548 1918 1597 1944 Pa-

889 1960 982 1982 tronus
994 1952 1151 1989 promiserit
1161 1962 1224 1981 eum
1236 1963 1293 1981 non
1303 1963 1437 1981 omovere
1447 1954 1465 1981 ,²
1467 1962 1529 1990 pag.
1534 1962 1597 1986 209·

890 1987 912 2018 §.
922 1988 1020 2017 Altera
1034 2012 1042 2023 ‚
1062 1987 1150 2025 &ftq.
1399 1985 1435 2009 *-

855 2022 1012 2057 Cappellani
1023 2022 1182 2051 ainovibilis
1195 2021 1293 2051 electio
1305 2022 1354 2052 sub
1368 2022 1447 2052 certis
1459 2020 1598 2050 conditio—

887 2057 967 2086 nibus
980 2068 1014 2086 an
1026 2057 1056 2086 fit
1069 2057 1216 2086 simoniaca
1229 2059 1244 2087 ?
1257 2069 1322 2097 pag.
1337 2069 1382 2092 29.
1392 2058 1417 2090 §.
1432 2056 1532 2095 Quoad
1544 2078 1551 2085 .

854 2089 1033 2127 Cappeuanus
1054 2095 1170 2121 Curatus
1191 2093 1349 2122 amovibilis
1361 2094 1455 2127 nequir
1473 2092 1598 2120 amoveri

887 2127 1042 2157 inconsulto
1052 2127 1224 2164 Episcopop.
1238 2138 1297 2162 105.
1313 2129 1336 2161 §.
1351 2127 1416 2156 Non
1425 2125 1599 2164 acquiescens.

923 2164 1021 2191 Limita
1033 2162 1051 2191 fi
1061 2164 1228 2192 contrarium
1239 2173 1366 2192 caveatur
1388 2163 1417 2191 iri
1430 2163 1489 2198 lege
1500 2161 1600 2191 sunda·

891 2199 972 2228 tionis
984 2197 1103 2227 Ecclesiae
1116 2221 1122 2226 .
1138 2209 1203 2236 pag.
1218 2204 1276 2227 106.
1290 2200 1315 2232 ξ.
1329 2198 1427 2227 Verum
1441 2219 1447 2226 .
1523 2231 1528 2236 ι

927 2235 995 2272 Quo
1009 2232 1070 2262 casu
1080 2244 1096 2262 a
1108 2236 1227 2262 Patrono
1239 2234 1322 2262 Laico
1333 2232 1363 2261 fit
1375 2233 1483 2261 amotio
1495 2232 1598 2261 vicarii

892 2270 987 2298 Curari
1002 2269 1106 2298 vicario
1113 2269 1226 2297 nomine
1239 2268 1364 2305 Episcopi
1377 2290 1384 2296 .
1404 2267 1504 2296 Ibidem
1515 2288 1522 2295 .

857 2304 1036 2339 Cappellanus
1048 2305 1164 2333 Curatus
1179 2304 1309 2332 continuo
1321 2302 1434 2331 residens
1446 2303 1476 2330 in
1485 2302 1547 2330 loco
1557 2300 1602 2330 de-

891 2339 1025 2402 pultandus
1036 2338 1076 2380 est
1087 2362 1096 2372 ‚
1116 2339 1153 2368 ob
1165 2340 1282 2378 nimiam
1296 2337 1456 2402 dj‘lstantiam
1466 2360 1475 2372 ‚
1493 2341 1521 2366 &
1531 2336 1602 2365 diffi-

1045 2385 1050 2394 1·
1162 2384 1178 2396 Π

892 2384 1023 2445 ςυῐὶῗίῐςξιῐιῖ
1034 2385 1188 2446 Σῖἕῆεζξὲᾆ
1196 2372 1410 2445 ἒῗὶ9ἐέἦὲῑιξ3ηέξ
1414 2394 1602 2446 decimis,quas

894 2445 921 2507 ἰὲ]
933 2445 994 2473 loco
1007 2446 1119 2480 percipit
1126 2443 1260 2474 Parochus
1271 2442 1388 2473 Ecclefiae
1399 2443 1518 2478 Maioris
1529 2464 1536 2471 .
1548 2441 1601 2470 Ibi-

913 2491 952 2508 em
970 2502 975 2507 .

860 2515 1016 2549 Cappellani
1025 2514 1200 2543 Ecclesiamm
1207 2513 1385 2543 Commendae
1397 2511 1602 2552 Hierosolymi-

897 2560 965 2578 tanae
978 2560 1011 2578 an
1023 2549 1071 2578 sint
1082 2551 1201 2585 exempti
1213 2560 1230 2578 a
1240 2548 1424 2582 iurisdistione
1437 2548 1578 2577 Ordinarii
1593 2555 1601 2574 ἓ

895 2596 956 2623 pag.
971 2596 995 2612 2.
1009 2587 1031 2618 §.
1047 2585 1090 2614 Ob
1100 2585 1239 2622 concessam
1249 2608 1255 2614 .

861 2621 1039 2655 Cappellanus
1052 2642 1060 2653 ,
1081 2620 1192 2656 seposita
1205 2621 1263 2657 lege
1275 2619 1444 2649 fundationis
1451 2617 1606 2648 celebrandi

896 2666 943 2689 per
956 2655 983 2684 se
997 2655 1084 2690 ipsum
1096 2681 1103 2691 ‚
1122 2655 1211 2691 potest
1222 2665 1307 2684 onera
1317 2655 1464 2690 adimplere
1487 2663 1533 2689 per
1544 2652 1606 2683 sub-

897 2689 1037 2721 stitutum.
1051 2703 1115 2730 pag.
1128 2703 1170 2725 τι,
1180 2693 1203 2724 εἰ.
1218 2690 1326 2721 Prater.

1355 2762 1379 2790 i<
1395 2760 1413 2788 k
1553 2739 1608 2788 <ia-
