1934 2954
488 218 582 298 131iii4a
603 257 818 308 expediant
847 256 1011 307 praemia
1043 257 1090 294 ab
1110 256 1275 295 excelfis
1291 254 1545 304 Principibus
1566 280 1578 300 ‚
1609 255 1647 294 Sc
1666 255 1838 295 inclvtis

489 311 836 352 Univerfitatibus
852 340 861 348 .
899 308 992 349 Nec
1013 308 1158 347 utilior
1178 309 1246 357 ipsi
1263 307 1706 353 videtureleemosvna
1724 309 1838 356 panis

488 362 761 407 distribuenda
791 362 1039 410 Pauperibus
1070 374 1147 400 una
1166 361 1261 400 die‚·
1292 360 1386 411 quia
1406 372 1479 399 nec
1497 360 1835 400 indelevamem

489 417 658 468 aliquod
673 415 851 455 sentient
868 415 1069 462 Pauperes
1087 425 1096 452 z
1126 426 1200 453 nec
1217 414 1333 459 hujus
1352 425 1465 452 novae
1488 413 1759 462 eleemosyna:
1780 414 1841 452 in·-

489 469 703 510 stitutione
716 480 816 517 opus
835 467 941 506 estin
962 479 1009 506 ea
1022 465 1211 506 Civitate
1227 491 1239 509 ‚
1271 465 1338 504 ubi
1359 464 1562 514 Pauperes
1589 474 1676 505 tam
1693 466 1837 511 Cives,

491 524 613 573 quam
626 519 1022 570 Alienigenae,otiofi
1037 518 1124 568 plus
1141 531 1254 570 aequo
1266 518 1642 571 conspiciuntur‚ob
1659 519 1839 561 eleemo-

493 572 1002 621 synarum'abundantiam.

440 623 591 671 Censet
609 627 780 675 itaque,
812 624 1197 675 hujusmodilegata
1216 624 1366 663 saniori
1395 624 1563 662 confilio
1594 624 1701 663 uniri
1729 620 1837 672 posse
1868 651 1878 658 „

493 679 584 718 doti
613 690 815 717 novorum
839 677 1137 717 Beneficiorum
1157 704 1170 723 ‚
1200 686 1245 716 ut
1271 689 1450 726 congruo
1466 677 1664 725 stipendio
1695 675 1837 715 allec‘ti

494 731 735 771 Beneficiati
762 730 1006 779 diligentius
1026 730 1264 769 incumbant
1282 729 1454 769 servitio
1482 730 1668 769 Ecclefiae
1685 754 1699 772 ‚
1729 728 1838 778 quod

495 784 633 833 vergit
665 783 704 821 in
728 792 1027 832 augumentum
1057 782 1204 822 Divini
1218 782 1368 821 Cultus
1388 807 1399 826 ‚
1430 792 1554 832 utque
1585 795 1655 829 pro
1672 781 1840 830 singulis

494 835 756 878 Beneficiatis
772 835 995 884 impleatur
1014 835 1221 884 quantitas
1240 835 1434 884 requisita
1460 847 1531 884 pro
1561 835 1688 878 titulo
1714 833 1840 876 Ordi-

494 889 675 927 natioms
692 912 704 931 ‚
731 886 780 925 ad
811 899 931 936 quam
959 886 1230 927 Beneficiatos
1257 886 1398 925 assumi
1432 887 1560 929 titulo
1585 886 1840 927 eorundem

495 939 797 979 Beneficiorum
817 938 1005 978 Testator
1026 939 1108 987 ipse
1137 939 1354 980 conceffit.
1382 938 1487 978 Cum
1504 941 1613 979 enim
1643 941 1840 979 voluntas

495 991 721 1039 Testatoris
740 1017 753 1036 ‚
785 1000 831 1030 ut
851 991 980 1037 etiam
1005 991 1244 1031 defenditur
1275 992 1315 1031 iu
1332 992 1659 1031 circumferendo
1684 991 1841 1037 Benefi÷

492 1045 700 1084 ciatorum
718 1043 863 1083 libello
877 1068 890 1087 ‚
924 1044 1090 1093 impleri
1110 1053 1290 1095 nequeat
1305 1045 1438 1095 quoad
1455 1045 1594 1089 onmia
1612 1046 1770 1094 legata,
1789 1044 1840 1082 ob

494 1096 828 1136 insufficientiam
846 1096 997 1137 relietae
1025 1097 1245 1145 substanti-x
1265 1123 1275 1142 ,
1304 1097 1350 1138 c'a
1368 1097 1536 1147 expedit
1550 1098 1736 1145 servare,
1753 1108 1842 1146 quae

495 1149 668 1198 utiliora
695 1149 892 1189 videntur
911 1176 924 1194 ‚
955 1150 1301 1201 quemadmodum
1327 1150 1419 1190 sunt
1437 1151 1508 1189 illa
1525 1175 1537 1195 ‚
1564 1163 1649 1201 quae
1664 1150 1842 1192 tendunt

495 1204 537 1242 in
554 1211 854 1252 augumentum
873 1202 1018 1242 Divini
1034 1202 1198 1248 Cultus,
1214 1215 1285 1252 pro
1301 1217 1380 1254 quo
1397 1204 1588 1253 legitime
1608 1203 1678 1242 fiet
1696 1203 1843 1244 volun-

498 1255 601 1294 tatis
619 1255 896 1299 commutatio
915 1281 928 1300 ‚
962 1264 1006 1294 ut
1034 1265 1179 1295 norant
1208 1257 1409 1305 Fignatell.
1425 1257 1574 1306 consult,
1594 1260 1744 1301 ca71,80.
1762 1257 1842 1293 n.6.

499 1309 625 1357 &serp
654 1318 781 1356 tom.9.
804 1334 815 1353 ,
853 1310 976 1346 piton.
996 1309 1184 1358 dffceptat.
1204 1309 1340 1358 Ecclefi
1360 1315 1425 1357 69.
1443 1324 1539 1349 num.
1560 1321 1595 1353 5.
1617 1313 1660 1353 <3-
1678 1321 1739 1350 13·
1757 1333 1769 1352 ³
1799 1309 1843 1350 (ΞΥ

494 1358 592 1399 Rota
609 1364 647 1397 in
662 1362 848 1410 Nepestna
862 1362 1106 1410 applicationis
1128 1375 1190 1404 30.
1211 1363 1374 1412 Jammri
1410 1377 1479 1410 173
1489 1377 1524 1406 3.
1545 1363 1584 1412 ξ.
1603 1377 1665 1401 21.
1697 1372 1842 1399 coram-.-

498 1413 698 1452 clarfflem.
719 1414 912 1452 cardinali
924 1413 1181 1457 Aldrovando
1198 1445 1207 1462 ‚
1225 1415 1469 1455 ·Praesertim
1487 1418 1580 1465 quia
1597 1427 1669 1465 per
1686 1413 1846 1452 institu-

496 1466 656 1512 tionem
682 1466 981 1512 Beneficiorum
1010 1467 1154 1512 utilius
1174 1469 1403 1513 consulitur
1431 1468 1620 1517 suffragio
1654 1466 1843 1509 Testato«

496 1518 552 1556 ris
569 1542 583 1562 ‚
610 1520 662 1556 ob
679 1517 816 1558 Miffas
833 1518 1140 1566 ,Conventuales
1167 1534 1238 1570 pro
1268 1520 1598 1560 Bencfatstoribus
1630 1518 1844 1558 celebran-

497 1571 566 1610 das
584 1597 596 1616 ,
621 1570 800 1620 aliasque
817 1584 957 1620 preces
975 1572 1065 1612 Deo
1083 1571 1334 1613 fundendas:
1365 1575 1404 1613 Sc
1434 1574 1623 1624 pinguius
1641 1570 1844 1618 adimple·-

499 1632 566 1662 tur
595 1624 682 1667 ejus
700 1624 893 1661 voluntas
906 1624 1190 1674 principaliter
1206 1626 1367 1664 intenta
1384 1626 1435 1669 ad
1456 1629 1655 1665 honorem
1675 1622 1842 1665 Patriae‚

496 1675 744 1715 &levamen
761 1674 990 1723 Pauperum
1009 1701 1022 1721 ,
1051 1677 1238 1725 atque-ad
1254 1679 1551 1726 promovendas
1580 1677 1849 1719 Literaruma,

497 1726 685 1766 scientias
703 1751 716 1770 ,
750 1728 845 1776 quia
865 1731 958 1769 cum
984 1727 1174 1771 Testator
1191 1729 1393 1769 Beneficia
1410 1730 1621 1769 instituere
1645 1724 1842 1777 professus

496 1780 544 1825 fit
567 1778 823 1817 inhonorem
839 1779 1026 1825 Patriae-,.
1041 1781 1080 1820 ὃ(
1097 1781 1290 1825 decorem
1310 1782 1494 1825 Ecclefiae
1509 1806 1522 1825 ‚
1553 1783 1590 1821 St
1619 1781 1657 1819 in
1687 1778 1845 1818 Benefi-

498 1831 630 1869 ciatos
649 1830 838 1879 cooptari
863 1832 1104 1880 praeceperit
1122 1859 1134 1878 ‚
1163 1836 1232 1884 qui
1249 1833 1409 1881 pietate
1425 1858 1439 1878 ‚
1469 1833 1641 1873 scientia
1656 1857 1669 1876 ‚
1696 1832 1735 1872 8<
1752 1842 1846 1879 pau·-

500 1890 663 1933 pertate
681 1885 910 1932 praestarent
928 1909 941 1929 ‚
973 1890 1052 1929 uon
1064 1885 1232 1924 videtur
1248 1886 1407 1934 plenius
1426 1912 1439 1932 ,
1458 1887 1497 1926 ὃς
1513 1885 1660 1931 utilius
1679 1882 1844 1933 impleri

499 1933 607 1985 poffe
623 1937 710 1981 ejus
729 1936 992 1978 voluntatem
1008 1961 1021 1981 ‚
1049 1950 1170 1987 quam
1189 1937 1432 1987 applicando
1448 1939 1603 1987 potiori
1615 1936 1754 1977 Causa:
1770 1935 1843 1975 Be-

500 1987 788 2034 neficiatorum
805 1988 875 2034 id,
919 1990 1027 2039 qnod
1046 1990 1293 2037 Pauperibus
1315 1991 1483 2030 incertis
1524 1991 1718 2036 relictum
1746 1989 1799 2028 est
1826 2011 1842 2032 2
1882 2035 1890 2044 f

499 2041 611 2086 juxta
625 2039 786 2080 firmata
801 2053 871 2090 per
885 2044 1017 2087 Rotam
1030 2045 1070 2085 in
1085 2044 1180 2080 difla
1194 2044 1378 2092 Nepestna
1387 2043 1664 2093 Applicationis
1682 2051 1717 2085 ς.
1729 2055 1789 2089 19.
1825 2050 1830 2061 ⁸
1882 2050 1886 2053 ·

447 2094 547 2139 Haec
563 2094 686 2133 habet
702 2093 924 2144 Episcopus
948 2094 987 2139 in
1005 2095 1072 2134 sua
1087 2095 1318 2141 relatione:
1345 2095 1415 2147 qui
1442 2105 1582 2135 tamen
1606 2093 1730 2142 juffns
1760 2103 1845 2133 ter-

499 2145 658 2202 minum
675 2146 879 2195 praefigere
894 2145 1085 2188 intereffe
1101 2149 1342 2192 habentibus
1357 2148 1406 2186 ad
1423 2148 1710 2188 deducendum
1723 2147 1840 2193 jura-i

503 2198 571 2235 sua
597 2209 639 2235 m
657 2197 777 2237 Sacra
795 2198 1421 2249 Congregatione‚peculiariter
1438 2201 1601 2245 monuit
1616 2201 1732 2242 suum
1744 2199 1841 2237 Pro-

502 2258 712 2296 motorem
726 2250 924 2291 Fiscalem
944 2277 956 2296 ‚
972 2253 1009 2291 ἃ
1027 2253 1102 2297 suae
1121 2252 1255 2293 Curiae
1272 2254 1586 2292 Procuratorem
1598 2255 1842 2303 Pauperum»

501 2311 626 2352 atque
656 2302 844 2350 Capituli
873 2303 1060 2343 Priorem
1079 2309 1097 2349 '‚
1126 2318 1206 2344 non
1234 2313 1377 2345 autem
1407 2303 1844 2353 Civitatis-Magistra-

500 2363 623 2399 tum,
653 2356 692 2395 Sc
711 2354 852 2400 Patres
868 2355 1103 2401 Bernabitas
1134 2356 1323 2398 interesse
1351 2360 1551 2397 habentes
1578 2368 1657 2407 pro
1676 2353 1842 2402 praemio

501 2407 671 2453 illorum
691 2408 876 2456 Scholari
894 2408 1040 2453 relicto
1057 2432 1071 2454 2
1100 2410 1171 2455 sed
1187 2411 1279 2450 istos
1295 2411 1548 2461 generaliter
1562 2421 1655 2448 cum
1669 2406 1841 2456 reliquis

501 2460 666 2499 monuit
684 2471 754 2508 per
772 2460 988 2500 mistum.
1253 2466 1257 2469 '
1301 2466 1306 2469 “
1559 2489 1564 2493 -
1637 2473 1639 2476 ’
1766 2461 1769 2464 ’

554 2511 745 2552 Pertinet
767 2512 908 2564 itaque
922 2513 973 2561 ad
993 2514 1074 2553 EE.
1090 2513 1181 2561 VV,
1201 2516 1424 2557 decernere

458 2561 506 2599 A
507 2576 545 2609 n,
565 2565 608 2606 ’ἐγ
620 2567 788 2614 quomodo
792 2567 842 2616 fit
856 2566 1108 2614 consulendam
1119 2570 1340 2617 Sanfftffimo
1349 2578 1414 2618 pro
1430 2567 1699 2606 commutatione
1719 2563 1846 2602 volana.

558 2619 643 2652 tatis
662 2619 833 2667 Virginii
853 2619 989 2665 Tarchi
1005 2643 1018 2663 ‚
1034 2623 1072 2658 in
1091 2621 1174 2670 casu
1194 2625 1275 2669 &cg

671 2718 768 2765 Non
783 2726 983 2773 proposita
1002 2749 1015 2770 ‚
1041 2736 1137 2764 cum
1158 2723 1329 2775 reliquis
1338 2736 1357 2773 ,ς

1713 2793 1716 2797 ’
1775 2821 1851 2860 CI-
