<?xml version="1.0" encoding="UTF-8"?>
<!DOCTYPE html PUBLIC "-//W3C//DTD XHTML 1.0 Transitional//EN"
    "http://www.w3.org/TR/xhtml1/DTD/xhtml1-transitional.dtd">
<html xmlns="http://www.w3.org/1999/xhtml" xml:lang="en" lang="en">
 <head>
  <title>
</title>
<meta http-equiv="Content-Type" content="text/html;charset=utf-8" />
  <meta name='ocr-system' content='tesseract 3.04.00' />
  <meta name='ocr-capabilities' content='ocr_page ocr_carea ocr_par ocr_line ocrx_word'/>
</head>
<body>
  <div class='ocr_page' id='page_1' title='image "./thesaurusresolut30cath_0536.png"; bbox 0 0 1934 2954; ppageno 0'>
   <div class='ocr_carea' id='block_1_1' title="bbox 445 166 1846 1256">
    <p class='ocr_par' dir='ltr' id='par_1_1' title="bbox 495 166 1842 311">
     <span class='ocr_line' id='line_1_1' title="bbox 504 166 576 204; baseline 0 -10"><span class='ocrx_word' id='word_1_1' title='bbox 504 166 576 204; x_wconf 75' lang='lat'>24²⁵</span> 
     </span>
     <span class='ocr_line' id='line_1_2' title="bbox 498 206 1834 261; baseline 0.004 -16"><span class='ocrx_word' id='word_1_2' title='bbox 498 208 654 247; x_wconf 73' lang='lat' dir='ltr'>Tambur</span> <span class='ocrx_word' id='word_1_3' title='bbox 684 206 817 261; x_wconf 78' lang='lat' dir='ltr'>dejur.</span> <span class='ocrx_word' id='word_1_4' title='bbox 838 208 1022 256; x_wconf 57' lang='lat' dir='ltr'>Abbatizjs:</span> <span class='ocrx_word' id='word_1_5' title='bbox 1039 208 1494 259; x_wconf 65' lang='lat' dir='ltr'>disp.7.quaes?.3.num.7.‚</span> <span class='ocrx_word' id='word_1_6' title='bbox 1516 210 1584 248; x_wconf 84' lang='lat' dir='ltr'>ubi</span> <span class='ocrx_word' id='word_1_7' title='bbox 1604 212 1711 250; x_wconf 70' lang='lat' dir='ltr'>inter</span> <span class='ocrx_word' id='word_1_8' title='bbox 1730 211 1834 251; x_wconf 71' lang='lat' dir='ltr'>alias</span> 
     </span>
     <span class='ocr_line' id='line_1_3' title="bbox 495 258 1842 311; baseline 0.004 -14"><span class='ocrx_word' id='word_1_9' title='bbox 495 258 753 299; x_wconf 86' lang='lat' dir='ltr'>conditiones</span> <span class='ocrx_word' id='word_1_10' title='bbox 772 261 1024 311; x_wconf 81' lang='lat' dir='ltr'>requiritur,</span> <span class='ocrx_word' id='word_1_11' title='bbox 1044 262 1151 310; x_wconf 88' lang='lat' dir='ltr'>quod</span> <span class='ocrx_word' id='word_1_12' title='bbox 1168 262 1206 299; x_wconf 89' lang='lat' dir='ltr'>in</span> <span class='ocrx_word' id='word_1_13' title='bbox 1225 262 1403 300; x_wconf 84' lang='lat' dir='ltr'>Ecclefia</span> <span class='ocrx_word' id='word_1_14' title='bbox 1419 261 1591 301; x_wconf 85' lang='lat' dir='ltr'>Ordinis</span> <span class='ocrx_word' id='word_1_15' title='bbox 1607 263 1706 304; x_wconf 87' lang='lat' dir='ltr'>adfit</span> <span class='ocrx_word' id='word_1_16' title='bbox 1728 276 1842 304; x_wconf 89' lang='lat' dir='ltr'>com-</span> 
     </span>
    </p>

    <p class='ocr_par' dir='ltr' id='par_1_2' title="bbox 494 311 1222 362">
     <span class='ocr_line' id='line_1_4' title="bbox 494 311 1222 362; baseline 0.003 -11"><span class='ocrx_word' id='word_1_17' title='bbox 494 311 627 352; x_wconf 87' lang='lat' dir='ltr'>munis</span> <span class='ocrx_word' id='word_1_18' title='bbox 646 312 864 361; x_wconf 76' lang='lat' dir='ltr'>Sepultura</span> <span class='ocrx_word' id='word_1_19' title='bbox 884 325 955 362; x_wconf 84' lang='lat' dir='ltr'>pro</span> <span class='ocrx_word' id='word_1_20' title='bbox 975 313 1192 352; x_wconf 86' lang='lat' dir='ltr'>Tertiariis</span> <span class='ocrx_word' id='word_1_21' title='bbox 1213 345 1222 354; x_wconf 87' lang='lat'><strong>.</strong></span> 
     </span>
    </p>

    <p class='ocr_par' dir='ltr' id='par_1_3' title="bbox 445 362 1843 522">
     <span class='ocr_line' id='line_1_5' title="bbox 445 362 1843 419; baseline 0.004 -15"><span class='ocrx_word' id='word_1_22' title='bbox 445 362 560 404; x_wconf 87' lang='lat' dir='ltr'>Num</span> <span class='ocrx_word' id='word_1_23' title='bbox 579 367 680 404; x_wconf 79' lang='lat' dir='ltr'>vero</span> <span class='ocrx_word' id='word_1_24' title='bbox 694 375 939 404; x_wconf 80' lang='lat' dir='ltr'>concurrant</span> <span class='ocrx_word' id='word_1_25' title='bbox 957 365 1141 414; x_wconf 59' lang='lat' dir='ltr'>praedieta</span> <span class='ocrx_word' id='word_1_26' title='bbox 1163 366 1356 418; x_wconf 77' lang='lat' dir='ltr'>requisita</span> <span class='ocrx_word' id='word_1_27' title='bbox 1377 391 1390 410; x_wconf 82' lang='lat'>‚</span> <span class='ocrx_word' id='word_1_28' title='bbox 1406 368 1444 406; x_wconf 53' lang='grc' dir='ltr'>ἃ</span> <span class='ocrx_word' id='word_1_29' title='bbox 1462 369 1701 408; x_wconf 88' lang='lat' dir='ltr'>constitutio</span> <span class='ocrx_word' id='word_1_30' title='bbox 1719 370 1843 419; x_wconf 86' lang='lat' dir='ltr'>syuo-</span> 
     </span>
     <span class='ocr_line' id='line_1_6' title="bbox 494 416 1842 473; baseline 0.003 -16"><span class='ocrx_word' id='word_1_31' title='bbox 494 417 601 457; x_wconf 88' lang='lat' dir='ltr'>dalis</span> <span class='ocrx_word' id='word_1_32' title='bbox 618 416 792 457; x_wconf 87' lang='lat' dir='ltr'>dicenda</span> <span class='ocrx_word' id='word_1_33' title='bbox 805 418 851 456; x_wconf 86' lang='lat' dir='ltr'>fit</span> <span class='ocrx_word' id='word_1_34' title='bbox 871 418 1005 465; x_wconf 83' lang='lat' dir='ltr'>potius</span> <span class='ocrx_word' id='word_1_35' title='bbox 1038 428 1179 457; x_wconf 87' lang='lat' dir='ltr'>contra</span> <span class='ocrx_word' id='word_1_36' title='bbox 1192 445 1205 464; x_wconf 89' lang='lat'>,</span> <span class='ocrx_word' id='word_1_37' title='bbox 1237 421 1358 470; x_wconf 43' lang='lat' dir='ltr'>quim</span> <span class='ocrx_word' id='word_1_38' title='bbox 1387 429 1533 468; x_wconf 75' lang='lat' dir='ltr'>praeter</span> <span class='ocrx_word' id='word_1_39' title='bbox 1560 422 1621 466; x_wconf 84' lang='lat' dir='ltr'>jus</span> <span class='ocrx_word' id='word_1_40' title='bbox 1639 447 1653 466; x_wconf 89' lang='lat'>,</span> <span class='ocrx_word' id='word_1_41' title='bbox 1688 434 1842 473; x_wconf 84' lang='lat' dir='ltr'>expen-</span> 
     </span>
     <span class='ocr_line' id='line_1_7' title="bbox 496 470 1630 522; baseline 0.004 -14"><span class='ocrx_word' id='word_1_42' title='bbox 496 470 676 509; x_wconf 87' lang='lat' dir='ltr'>dendum</span> <span class='ocrx_word' id='word_1_43' title='bbox 694 470 773 509; x_wconf 87' lang='lat' dir='ltr'>erit</span> <span class='ocrx_word' id='word_1_44' title='bbox 788 471 836 509; x_wconf 91' lang='lat' dir='ltr'>ab</span> <span class='ocrx_word' id='word_1_45' title='bbox 861 471 938 508; x_wconf 83' lang='lat' dir='ltr'>EE.</span> <span class='ocrx_word' id='word_1_46' title='bbox 957 471 1049 510; x_wconf 86' lang='lat' dir='ltr'>VV.</span> <span class='ocrx_word' id='word_1_47' title='bbox 1073 497 1084 516; x_wconf 86' lang='lat'>,</span> <span class='ocrx_word' id='word_1_48' title='bbox 1105 484 1189 522; x_wconf 77' lang='lat' dir='ltr'>quae</span> <span class='ocrx_word' id='word_1_49' title='bbox 1206 481 1402 521; x_wconf 74' lang='lat' dir='ltr'>rogantur</span> <span class='ocrx_word' id='word_1_50' title='bbox 1432 471 1599 512; x_wconf 85' lang='lat' dir='ltr'>definire</span> <span class='ocrx_word' id='word_1_51' title='bbox 1620 503 1630 512; x_wconf 93' lang='lat'>.</span> 
     </span>
    </p>

    <p class='ocr_par' dir='ltr' id='par_1_4' title="bbox 484 521 1845 784">
     <span class='ocr_line' id='line_1_8' title="bbox 484 521 1840 576; baseline 0.003 -15"><span class='ocrx_word' id='word_1_52' title='bbox 484 521 517 561; x_wconf 90' lang='lat' dir='ltr'>I.</span> <span class='ocrx_word' id='word_1_53' title='bbox 544 525 616 561; x_wconf 87' lang='lat' dir='ltr'>An</span> <span class='ocrx_word' id='word_1_54' title='bbox 632 523 745 560; x_wconf 75' lang='lat' dir='ltr'>liccat</span> <span class='ocrx_word' id='word_1_55' title='bbox 762 523 977 570; x_wconf 63' lang='lat' dir='ltr'>Conseffiirio</span> <span class='ocrx_word' id='word_1_56' title='bbox 993 548 1005 566; x_wconf 84' lang='lat'>‚</span> <span class='ocrx_word' id='word_1_57' title='bbox 1037 526 1079 566; x_wconf 71' lang='lat'>&amp;¹</span> <span class='ocrx_word' id='word_1_58' title='bbox 1093 524 1277 574; x_wconf 62' lang='lat' dir='ltr'>quihus-&#39;vis</span> <span class='ocrx_word' id='word_1_59' title='bbox 1305 523 1388 562; x_wconf 74' lang='lat' dir='ltr'>aliis</span> <span class='ocrx_word' id='word_1_60' title='bbox 1404 525 1655 574; x_wconf 81' lang='lat' dir='ltr'>Ecclestasticis</span> <span class='ocrx_word' id='word_1_61' title='bbox 1673 527 1840 576; x_wconf 73' lang='lat' dir='ltr'>Personis</span> 
     </span>
     <span class='ocr_line' id='line_1_9' title="bbox 603 575 1842 628; baseline 0.004 -15"><span class='ocrx_word' id='word_1_62' title='bbox 603 577 637 613; x_wconf 85' lang='lat' dir='ltr'><em>S</em></span> <span class='ocrx_word' id='word_1_63' title='bbox 639 575 855 613; x_wconf 80' lang='lat' dir='ltr'>aecularihus</span> <span class='ocrx_word' id='word_1_64' title='bbox 871 599 882 618; x_wconf 90' lang='lat'><strong>‚</strong></span> <span class='ocrx_word' id='word_1_65' title='bbox 911 578 953 618; x_wconf 58' lang='grc' dir='ltr'>(ἔγ</span> <span class='ocrx_word' id='word_1_66' title='bbox 967 575 1211 621; x_wconf 74' lang='lat' dir='ltr'>Regularihus</span> <span class='ocrx_word' id='word_1_67' title='bbox 1236 582 1464 626; x_wconf 81' lang='lat' dir='ltr'>interrogare</span> <span class='ocrx_word' id='word_1_68' title='bbox 1479 601 1491 619; x_wconf 82' lang='lat'><em>‚</em></span> <span class='ocrx_word' id='word_1_69' title='bbox 1519 591 1588 626; x_wconf 77' lang='lat' dir='ltr'>qua</span> <span class='ocrx_word' id='word_1_70' title='bbox 1605 583 1682 628; x_wconf 77' lang='lat' dir='ltr'>quis</span> <span class='ocrx_word' id='word_1_71' title='bbox 1716 583 1754 616; x_wconf 83' lang='lat' dir='ltr'>in</span> <span class='ocrx_word' id='word_1_72' title='bbox 1769 582 1842 618; x_wconf 85' lang='lat' dir='ltr'>Ec-</span> 
     </span>
     <span class='ocr_line' id='line_1_10' title="bbox 602 627 1843 679; baseline 0.002 -14"><span class='ocrx_word' id='word_1_73' title='bbox 602 627 638 665; x_wconf 88' lang='lat' dir='ltr'>cl</span> <span class='ocrx_word' id='word_1_74' title='bbox 641 629 705 677; x_wconf 84' lang='lat' dir='ltr'>esta</span> <span class='ocrx_word' id='word_1_75' title='bbox 722 629 899 665; x_wconf 75' lang='lat' dir='ltr'>tumulari</span> <span class='ocrx_word' id='word_1_76' title='bbox 916 628 1009 665; x_wconf 76' lang='lat' dir='ltr'>velit</span> <span class='ocrx_word' id='word_1_77' title='bbox 1023 654 1033 673; x_wconf 93' lang='lat'>,</span> <span class='ocrx_word' id='word_1_78' title='bbox 1066 632 1108 671; x_wconf 59' lang='grc' dir='ltr'>ἶς’</span> <span class='ocrx_word' id='word_1_79' title='bbox 1123 630 1316 679; x_wconf 69' lang='lat' dir='ltr'>respeflive</span> <span class='ocrx_word' id='word_1_80' title='bbox 1332 631 1529 679; x_wconf 74' lang='lat' dir='ltr'>suggerere</span> <span class='ocrx_word' id='word_1_81' title='bbox 1541 656 1553 675; x_wconf 85' lang='lat'>,</span> <span class='ocrx_word' id='word_1_82' title='bbox 1583 634 1625 674; x_wconf 60' lang='grc' dir='ltr'>ὠ·</span> <span class='ocrx_word' id='word_1_83' title='bbox 1639 632 1843 675; x_wconf 75' lang='lat' dir='ltr'>adhortari,</span> 
     </span>
     <span class='ocr_line' id='line_1_11' title="bbox 603 680 1845 734; baseline 0.002 -16"><span class='ocrx_word' id='word_1_84' title='bbox 603 689 648 718; x_wconf 74' lang='lat' dir='ltr'>ut</span> <span class='ocrx_word' id='word_1_85' title='bbox 677 681 914 729; x_wconf 74' lang='lat' dir='ltr'>Sepulturam</span> <span class='ocrx_word' id='word_1_86' title='bbox 946 680 1058 728; x_wconf 82' lang='lat' dir='ltr'>eligat</span> <span class='ocrx_word' id='word_1_87' title='bbox 1083 684 1178 730; x_wconf 81' lang='lat' dir='ltr'>apud</span> <span class='ocrx_word' id='word_1_88' title='bbox 1211 685 1377 732; x_wconf 66' lang='lat' dir='ltr'>proprias</span> <span class='ocrx_word' id='word_1_89' title='bbox 1405 683 1578 731; x_wconf 81' lang='lat' dir='ltr'>Ecclefias</span> <span class='ocrx_word' id='word_1_90' title='bbox 1595 697 1610 724; x_wconf 74' lang='lat'>5</span> <span class='ocrx_word' id='word_1_91' title='bbox 1634 684 1704 733; x_wconf 82' lang='lat' dir='ltr'>seu</span> <span class='ocrx_word' id='word_1_92' title='bbox 1725 687 1845 734; x_wconf 76' lang='lat' dir='ltr'>potius</span> 
     </span>
     <span class='ocr_line' id='line_1_12' title="bbox 597 732 1583 784; baseline 0.003 -15"><span class='ocrx_word' id='word_1_93' title='bbox 597 732 845 782; x_wconf 74' lang='lat' dir='ltr'>ficbstineatur</span> <span class='ocrx_word' id='word_1_94' title='bbox 859 733 894 768; x_wconf 83' lang='lat' dir='ltr'><em>E</em></span> <span class='ocrx_word' id='word_1_95' title='bbox 895 735 1029 770; x_wconf 66' lang='lat' dir='ltr'>difii&#39;um</span> <span class='ocrx_word' id='word_1_96' title='bbox 1042 736 1338 784; x_wconf 70' lang='lat' dir='ltr'>Reverendiffi&#39;mi</span> <span class='ocrx_word' id='word_1_97' title='bbox 1353 737 1550 773; x_wconf 75' lang='lat' dir='ltr'>Ordinarii</span> <span class='ocrx_word' id='word_1_98' title='bbox 1564 733 1583 772; x_wconf 64' lang='grc' dir='ltr'>ε)</span> 
     </span>
    </p>

    <p class='ocr_par' dir='ltr' id='par_1_5' title="bbox 476 782 1846 1045">
     <span class='ocr_line' id='line_1_13' title="bbox 476 782 1844 838; baseline 0.006 -20"><span class='ocrx_word' id='word_1_99' title='bbox 476 782 528 821; x_wconf 87' lang='grc' dir='ltr'>ΙΙ.</span> <span class='ocrx_word' id='word_1_100' title='bbox 561 785 634 822; x_wconf 86' lang='lat' dir='ltr'>An</span> <span class='ocrx_word' id='word_1_101' title='bbox 652 785 765 823; x_wconf 79' lang='lat' dir='ltr'>liceat</span> <span class='ocrx_word' id='word_1_102' title='bbox 781 788 902 823; x_wconf 86' lang='lat' dir='ltr'><em>Laicis</em></span> <span class='ocrx_word' id='word_1_103' title='bbox 917 785 1170 838; x_wconf 73' lang='lat' dir='ltr'>cujuscumque</span> <span class='ocrx_word' id='word_1_104' title='bbox 1188 787 1377 836; x_wconf 75' lang='lat' dir='ltr'><em>qualitatis</em></span> <span class='ocrx_word' id='word_1_105' title='bbox 1397 812 1410 831; x_wconf 92' lang='lat'>‚</span> <span class='ocrx_word' id='word_1_106' title='bbox 1443 791 1486 831; x_wconf 56' lang='grc' dir='ltr'>ἐπ’</span> <span class='ocrx_word' id='word_1_107' title='bbox 1501 791 1711 826; x_wconf 74' lang='lat' dir='ltr'>conditionis</span> <span class='ocrx_word' id='word_1_108' title='bbox 1735 813 1748 834; x_wconf 92' lang='lat'>‚</span> <span class='ocrx_word' id='word_1_109' title='bbox 1775 801 1844 826; x_wconf 83' lang='lat' dir='ltr'>non</span> 
     </span>
     <span class='ocr_line' id='line_1_14' title="bbox 605 839 1844 890; baseline 0.002 -15"><span class='ocrx_word' id='word_1_110' title='bbox 605 847 747 875; x_wconf 78' lang='lat' dir='ltr'>tantum</span> <span class='ocrx_word' id='word_1_111' title='bbox 761 841 997 885; x_wconf 78' lang='lat' dir='ltr'>interrogare,</span> <span class='ocrx_word' id='word_1_112' title='bbox 1013 839 1174 888; x_wconf 61' lang='lat' dir='ltr'>utsupra</span> <span class='ocrx_word' id='word_1_113' title='bbox 1186 863 1198 882; x_wconf 84' lang='lat'><strong>‚</strong></span> <span class='ocrx_word' id='word_1_114' title='bbox 1209 840 1279 887; x_wconf 84' lang='lat' dir='ltr'>sed</span> <span class='ocrx_word' id='word_1_115' title='bbox 1292 843 1403 877; x_wconf 79' lang='lat' dir='ltr'>etiam</span> <span class='ocrx_word' id='word_1_116' title='bbox 1410 841 1622 890; x_wconf 80' lang='lat' dir='ltr'>suggerere,</span> <span class='ocrx_word' id='word_1_117' title='bbox 1637 844 1844 885; x_wconf 79' lang='lat' dir='ltr'>adhortari,</span> 
     </span>
     <span class='ocr_line' id='line_1_15' title="bbox 609 890 1846 942; baseline 0.003 -16"><span class='ocrx_word' id='word_1_118' title='bbox 609 892 879 939; x_wconf 71' lang='lat' dir='ltr'>&amp;quocumque</span> <span class='ocrx_word' id='word_1_119' title='bbox 893 892 993 926; x_wconf 77' lang='lat' dir='ltr'>modo</span> <span class='ocrx_word' id='word_1_120' title='bbox 1011 890 1166 940; x_wconf 79' lang='lat' dir='ltr'><em>aliquem</em></span> <span class='ocrx_word' id='word_1_121' title='bbox 1181 894 1356 929; x_wconf 81' lang='lat' dir='ltr'>inducere</span> <span class='ocrx_word' id='word_1_122' title='bbox 1386 895 1434 929; x_wconf 83' lang='lat' dir='ltr'>ad</span> <span class='ocrx_word' id='word_1_123' title='bbox 1451 894 1652 941; x_wconf 77' lang='lat' dir='ltr'><em>eligendam</em></span> <span class='ocrx_word' id='word_1_124' title='bbox 1664 893 1782 942; x_wconf 69' lang='lat' dir='ltr'>Sepul</span> <span class='ocrx_word' id='word_1_125' title='bbox 1789 905 1846 932; x_wconf 78' lang='lat' dir='ltr'>tu·</span> 
     </span>
     <span class='ocr_line' id='line_1_16' title="bbox 608 943 1844 997; baseline 0.005 -20"><span class='ocrx_word' id='word_1_126' title='bbox 608 955 687 978; x_wconf 85' lang='lat' dir='ltr'>ram</span> <span class='ocrx_word' id='word_1_127' title='bbox 704 944 802 991; x_wconf 85' lang='lat' dir='ltr'>apud</span> <span class='ocrx_word' id='word_1_128' title='bbox 812 956 922 979; x_wconf 84' lang='lat' dir='ltr'>unam</span> <span class='ocrx_word' id='word_1_129' title='bbox 941 968 954 987; x_wconf 90' lang='lat'>,</span> <span class='ocrx_word' id='word_1_130' title='bbox 980 943 1041 980; x_wconf 77' lang='lat' dir='ltr'>vel</span> <span class='ocrx_word' id='word_1_131' title='bbox 1071 944 1224 981; x_wconf 80' lang='lat' dir='ltr'>alteram</span> <span class='ocrx_word' id='word_1_132' title='bbox 1239 945 1434 994; x_wconf 85' lang='lat' dir='ltr'>Ecclefiam</span> <span class='ocrx_word' id='word_1_133' title='bbox 1449 959 1463 984; x_wconf 74' lang='lat'>3</span> <span class='ocrx_word' id='word_1_134' title='bbox 1483 947 1552 994; x_wconf 72' lang='lat' dir='ltr'>seit</span> <span class='ocrx_word' id='word_1_135' title='bbox 1584 950 1699 995; x_wconf 77' lang='lat' dir='ltr'>potius</span> <span class='ocrx_word' id='word_1_136' title='bbox 1708 947 1844 997; x_wconf 80' lang='lat' dir='ltr'>substi-</span> 
     </span>
     <span class='ocr_line' id='line_1_17' title="bbox 605 995 1710 1045; baseline 0.005 -15"><span class='ocrx_word' id='word_1_137' title='bbox 605 1005 737 1032; x_wconf 72' lang='lat' dir='ltr'>nentur</span> <span class='ocrx_word' id='word_1_138' title='bbox 747 995 918 1032; x_wconf 69' lang='lat' dir='ltr'>Edifium</span> <span class='ocrx_word' id='word_1_139' title='bbox 932 997 1228 1045; x_wconf 71' lang='lat' dir='ltr'>Reverendiffi&#39;mi</span> <span class='ocrx_word' id='word_1_140' title='bbox 1245 999 1442 1035; x_wconf 79' lang='lat' dir='ltr'>Ordinarii</span> <span class='ocrx_word' id='word_1_141' title='bbox 1457 997 1477 1034; x_wconf 57' lang='grc' dir='ltr'>εδ</span> <span class='ocrx_word' id='word_1_142' title='bbox 1708 1024 1710 1028; x_wconf 40' lang='lat' dir='ltr'>v</span> 
     </span>
    </p>

    <p class='ocr_par' dir='ltr' id='par_1_6' title="bbox 450 1044 1842 1096">
     <span class='ocr_line' id='line_1_18' title="bbox 450 1044 1842 1096; baseline 0.004 -15"><span class='ocrx_word' id='word_1_143' title='bbox 450 1044 527 1083; x_wconf 86' lang='lat'>111.</span> <span class='ocrx_word' id='word_1_144' title='bbox 556 1045 627 1083; x_wconf 85' lang='lat' dir='ltr'>An</span> <span class='ocrx_word' id='word_1_145' title='bbox 656 1047 831 1084; x_wconf 78' lang='lat' dir='ltr'>Tertiarii</span> <span class='ocrx_word' id='word_1_146' title='bbox 863 1045 1111 1096; x_wconf 80' lang='lat' dir='ltr'>claustraliter</span> <span class='ocrx_word' id='word_1_147' title='bbox 1139 1053 1304 1088; x_wconf 73' lang='lat' dir='ltr'>viventes</span> <span class='ocrx_word' id='word_1_148' title='bbox 1321 1074 1334 1094; x_wconf 85' lang='lat'>‚</span> <span class='ocrx_word' id='word_1_149' title='bbox 1379 1053 1422 1095; x_wconf 57' lang='grc' dir='ltr'>ξφ</span> <span class='ocrx_word' id='word_1_150' title='bbox 1454 1051 1645 1089; x_wconf 78' lang='lat' dir='ltr'>Tertiariae</span> <span class='ocrx_word' id='word_1_151' title='bbox 1673 1061 1842 1089; x_wconf 81' lang='lat' dir='ltr'>voventes</span> 
     </span>
    </p>

    <p class='ocr_par' dir='ltr' id='par_1_7' title="bbox 611 1099 1844 1256">
     <span class='ocr_line' id='line_1_19' title="bbox 611 1099 1844 1153; baseline 0.002 -17"><span class='ocrx_word' id='word_1_152' title='bbox 611 1099 821 1148; x_wconf 77' lang='lat' dir='ltr'>castitatem</span> <span class='ocrx_word' id='word_1_153' title='bbox 832 1125 846 1144; x_wconf 88' lang='lat'>‚</span> <span class='ocrx_word' id='word_1_154' title='bbox 866 1102 1109 1144; x_wconf 73' lang='lat' dir='ltr'>&amp;induentes</span> <span class='ocrx_word' id='word_1_155' title='bbox 1127 1103 1292 1141; x_wconf 77' lang='lat' dir='ltr'>habitum</span> <span class='ocrx_word' id='word_1_156' title='bbox 1305 1103 1458 1141; x_wconf 83' lang='lat' dir='ltr'>talarem</span> <span class='ocrx_word' id='word_1_157' title='bbox 1473 1129 1484 1148; x_wconf 91' lang='lat'>,</span> <span class='ocrx_word' id='word_1_158' title='bbox 1498 1118 1540 1140; x_wconf 75' lang='lat' dir='ltr'>uc</span> <span class='ocrx_word' id='word_1_159' title='bbox 1555 1106 1721 1153; x_wconf 82' lang='lat' dir='ltr'><em>degentes</em></span> <span class='ocrx_word' id='word_1_160' title='bbox 1737 1113 1844 1140; x_wconf 87' lang='lat' dir='ltr'>extra</span> 
     </span>
     <span class='ocr_line' id='line_1_20' title="bbox 611 1152 1838 1205; baseline 0.003 -17"><span class='ocrx_word' id='word_1_161' title='bbox 611 1152 790 1200; x_wconf 80' lang='lat' dir='ltr'>Claustra,</span> <span class='ocrx_word' id='word_1_162' title='bbox 808 1154 962 1191; x_wconf 81' lang='lat' dir='ltr'>debeant</span> <span class='ocrx_word' id='word_1_163' title='bbox 963 1153 1118 1202; x_wconf 80' lang='lat' dir='ltr'>sepeliri</span> <span class='ocrx_word' id='word_1_164' title='bbox 1130 1158 1168 1193; x_wconf 84' lang='lat' dir='ltr'>in</span> <span class='ocrx_word' id='word_1_165' title='bbox 1179 1156 1336 1205; x_wconf 79' lang='lat' dir='ltr'><em>Ecclesia</em></span> <span class='ocrx_word' id='word_1_166' title='bbox 1351 1157 1384 1193; x_wconf 86' lang='lat' dir='ltr'>S</span> <span class='ocrx_word' id='word_1_167' title='bbox 1388 1159 1535 1197; x_wconf 58' lang='grc' dir='ltr'><em>,Μανία</em></span> <span class='ocrx_word' id='word_1_168' title='bbox 1550 1157 1628 1195; x_wconf 79' lang='lat' dir='ltr'>PF.</span> <span class='ocrx_word' id='word_1_169' title='bbox 1647 1156 1838 1195; x_wconf 65' lang='grc' dir='ltr'>Μηθνιιηι</span> 
     </span>
     <span class='ocr_line' id='line_1_21' title="bbox 612 1204 1166 1256; baseline 0.005 -13"><span class='ocrx_word' id='word_1_170' title='bbox 612 1204 899 1253; x_wconf 75' lang='lat' dir='ltr'>obser-vantium</span> <span class='ocrx_word' id='word_1_171' title='bbox 911 1232 924 1252; x_wconf 86' lang='lat'>‚</span> <span class='ocrx_word' id='word_1_172' title='bbox 937 1209 975 1244; x_wconf 82' lang='lat' dir='ltr'>in</span> <span class='ocrx_word' id='word_1_173' title='bbox 991 1207 1074 1256; x_wconf 86' lang='lat' dir='ltr'>casu</span> <span class='ocrx_word' id='word_1_174' title='bbox 1091 1208 1166 1252; x_wconf 61' lang='lat' dir='ltr'>&amp;a</span> 
     </span>
    </p>
   </div>
   <div class='ocr_carea' id='block_1_2' title="bbox 49 1309 1885 2819">
    <p class='ocr_par' dir='ltr' id='par_1_8' title="bbox 49 1309 1885 2819">
     <span class='ocr_line' id='line_1_22' title="bbox 60 1309 1848 1362; baseline 0.002 -12"><span class='ocrx_word' id='word_1_175' title='bbox 60 1310 418 1361; x_wconf 69' lang='lat' dir='ltr'>Sess.7.cap.13.‚&amp;</span> <span class='ocrx_word' id='word_1_176' title='bbox 557 1309 842 1352; x_wconf 83' lang='lat' dir='ltr'>ELITERNA</span> <span class='ocrx_word' id='word_1_177' title='bbox 871 1313 1148 1353; x_wconf 87' lang='lat' dir='ltr'>BENEFICII</span> <span class='ocrx_word' id='word_1_178' title='bbox 1167 1344 1188 1362; x_wconf 57' lang='lat'>.‚</span> <span class='ocrx_word' id='word_1_179' title='bbox 1231 1314 1439 1354; x_wconf 81' lang='lat' dir='ltr'>Antonius</span> <span class='ocrx_word' id='word_1_180' title='bbox 1458 1315 1709 1355; x_wconf 85' lang='lat' dir='ltr'>Ccnciarelli</span> <span class='ocrx_word' id='word_1_181' title='bbox 1726 1314 1848 1357; x_wconf 88' lang='lat' dir='ltr'>Veli-</span> 
     </span>
     <span class='ocr_line' id='line_1_23' title="bbox 49 1365 1847 1417; baseline 0.001 -13"><span class='ocrx_word' id='word_1_182' title='bbox 49 1365 416 1416; x_wconf 77' lang='lat' dir='ltr'>sess.24.cap.17.de</span> <span class='ocrx_word' id='word_1_183' title='bbox 574 1373 745 1411; x_wconf 86' lang='lat' dir='ltr'>ternus,</span> <span class='ocrx_word' id='word_1_184' title='bbox 786 1378 858 1415; x_wconf 83' lang='lat' dir='ltr'>per</span> <span class='ocrx_word' id='word_1_185' title='bbox 890 1367 1100 1416; x_wconf 84' lang='lat' dir='ltr'>publicum</span> <span class='ocrx_word' id='word_1_186' title='bbox 1129 1367 1447 1407; x_wconf 85' lang='lat' dir='ltr'>Instrumentum</span> <span class='ocrx_word' id='word_1_187' title='bbox 1478 1368 1714 1417; x_wconf 80' lang='lat' dir='ltr'>stipulatum</span> <span class='ocrx_word' id='word_1_188' title='bbox 1741 1379 1847 1406; x_wconf 88' lang='lat' dir='ltr'>anno</span> 
     </span>
     <span class='ocr_line' id='line_1_24' title="bbox 58 1417 1846 1470; baseline 0.002 -14"><span class='ocrx_word' id='word_1_189' title='bbox 58 1417 222 1466; x_wconf 81' lang='lat' dir='ltr'>Refhrm.</span> <span class='ocrx_word' id='word_1_190' title='bbox 508 1420 626 1456; x_wconf 78' lang='lat'><em>1660.</em></span> <span class='ocrx_word' id='word_1_191' title='bbox 643 1443 656 1462; x_wconf 93' lang='lat'>‚</span> <span class='ocrx_word' id='word_1_192' title='bbox 685 1417 880 1457; x_wconf 83' lang='lat' dir='ltr'>fundavit</span> <span class='ocrx_word' id='word_1_193' title='bbox 898 1419 1210 1469; x_wconf 83' lang='lat' dir='ltr'>Cappellaniam</span> <span class='ocrx_word' id='word_1_194' title='bbox 1226 1430 1466 1470; x_wconf 87' lang='lat' dir='ltr'>perpetuam</span> <span class='ocrx_word' id='word_1_195' title='bbox 1498 1421 1548 1459; x_wconf 86' lang='lat' dir='ltr'>ad</span> <span class='ocrx_word' id='word_1_196' title='bbox 1566 1419 1713 1459; x_wconf 87' lang='lat' dir='ltr'>Altare</span> <span class='ocrx_word' id='word_1_197' title='bbox 1745 1419 1846 1459; x_wconf 86' lang='lat' dir='ltr'>Bea-</span> 
     </span>
     <span class='ocr_line' id='line_1_25' title="bbox 507 1469 1844 1521; baseline 0.001 -13"><span class='ocrx_word' id='word_1_198' title='bbox 507 1478 558 1508; x_wconf 84' lang='lat' dir='ltr'>tae</span> <span class='ocrx_word' id='word_1_199' title='bbox 576 1469 719 1509; x_wconf 80' lang='lat' dir='ltr'>Mariae</span> <span class='ocrx_word' id='word_1_200' title='bbox 739 1471 925 1521; x_wconf 81' lang='lat' dir='ltr'>Virginis</span> <span class='ocrx_word' id='word_1_201' title='bbox 954 1471 1005 1512; x_wconf 89' lang='lat' dir='ltr'>de</span> <span class='ocrx_word' id='word_1_202' title='bbox 1023 1473 1221 1512; x_wconf 89' lang='lat' dir='ltr'>Succursu</span> <span class='ocrx_word' id='word_1_203' title='bbox 1252 1472 1293 1511; x_wconf 87' lang='lat' dir='ltr'>in</span> <span class='ocrx_word' id='word_1_204' title='bbox 1321 1473 1498 1512; x_wconf 73' lang='lat' dir='ltr'>Ecclesia</span> <span class='ocrx_word' id='word_1_205' title='bbox 1530 1472 1844 1511; x_wconf 80' lang='lat' dir='ltr'>SsrhiSalvato-</span> 
     </span>
     <span class='ocr_line' id='line_1_26' title="bbox 503 1521 1843 1568; baseline 0.002 -8"><span class='ocrx_word' id='word_1_206' title='bbox 503 1521 559 1561; x_wconf 86' lang='lat' dir='ltr'>ris</span> <span class='ocrx_word' id='word_1_207' title='bbox 584 1523 867 1564; x_wconf 67' lang='lat' dir='ltr'>Velitrarums</span> <span class='ocrx_word' id='word_1_208' title='bbox 895 1526 934 1564; x_wconf 81' lang='lat'>&amp;</span> <span class='ocrx_word' id='word_1_209' title='bbox 953 1526 1161 1568; x_wconf 81' lang='lat' dir='ltr'>reservato</span> <span class='ocrx_word' id='word_1_210' title='bbox 1183 1525 1503 1565; x_wconf 84' lang='lat' dir='ltr'>Proximioribus</span> <span class='ocrx_word' id='word_1_211' title='bbox 1533 1524 1583 1564; x_wconf 88' lang='lat' dir='ltr'>de</span> <span class='ocrx_word' id='word_1_212' title='bbox 1604 1525 1671 1563; x_wconf 86' lang='lat' dir='ltr'>sua</span> <span class='ocrx_word' id='word_1_213' title='bbox 1707 1524 1843 1563; x_wconf 88' lang='lat' dir='ltr'>Domo</span> 
     </span>
     <span class='ocr_line' id='line_1_27' title="bbox 497 1575 1842 1627; baseline 0.004 -15"><span class='ocrx_word' id='word_1_214' title='bbox 497 1576 588 1621; x_wconf 83' lang='lat' dir='ltr'>jure</span> <span class='ocrx_word' id='word_1_215' title='bbox 607 1576 845 1616; x_wconf 88' lang='lat' dir='ltr'>nominandi</span> <span class='ocrx_word' id='word_1_216' title='bbox 864 1576 1161 1627; x_wconf 86' lang='lat' dir='ltr'>Cappellanum</span> <span class='ocrx_word' id='word_1_217' title='bbox 1194 1577 1387 1618; x_wconf 86' lang='lat' dir='ltr'>idoneum</span> <span class='ocrx_word' id='word_1_218' title='bbox 1407 1604 1418 1623; x_wconf 96' lang='lat'>,</span> <span class='ocrx_word' id='word_1_219' title='bbox 1435 1580 1486 1618; x_wconf 63' lang='grc' dir='ltr'>ὃς</span> <span class='ocrx_word' id='word_1_220' title='bbox 1517 1576 1736 1616; x_wconf 88' lang='lat' dir='ltr'>oriundum</span> <span class='ocrx_word' id='word_1_221' title='bbox 1762 1575 1842 1617; x_wconf 60' lang='lat' dir='ltr'>de)</span> 
     </span>
     <span class='ocr_line' id='line_1_28' title="bbox 497 1626 1843 1678; baseline 0.002 -13"><span class='ocrx_word' id='word_1_222' title='bbox 497 1626 684 1667; x_wconf 87' lang='lat' dir='ltr'>Civitate</span> <span class='ocrx_word' id='word_1_223' title='bbox 701 1629 921 1668; x_wconf 88' lang='lat' dir='ltr'>Veliterna</span> <span class='ocrx_word' id='word_1_224' title='bbox 937 1655 949 1673; x_wconf 95' lang='lat'>,</span> <span class='ocrx_word' id='word_1_225' title='bbox 982 1630 1078 1668; x_wconf 85' lang='lat' dir='ltr'>huic</span> <span class='ocrx_word' id='word_1_226' title='bbox 1093 1640 1196 1669; x_wconf 91' lang='lat' dir='ltr'>onus</span> <span class='ocrx_word' id='word_1_227' title='bbox 1212 1629 1388 1674; x_wconf 81' lang='lat' dir='ltr'>injunxit</span> <span class='ocrx_word' id='word_1_228' title='bbox 1420 1629 1653 1669; x_wconf 88' lang='lat' dir='ltr'>celebrandi</span> <span class='ocrx_word' id='word_1_229' title='bbox 1685 1628 1808 1678; x_wconf 89' lang='lat' dir='ltr'>perse</span> <span class='ocrx_word' id='word_1_230' title='bbox 1828 1654 1843 1674; x_wconf 91' lang='lat'>‚</span> 
     </span>
     <span class='ocr_line' id='line_1_29' title="bbox 496 1679 1843 1731; baseline 0.003 -14"><span class='ocrx_word' id='word_1_231' title='bbox 496 1679 564 1717; x_wconf 88' lang='lat' dir='ltr'>vel</span> <span class='ocrx_word' id='word_1_232' title='bbox 583 1691 655 1728; x_wconf 85' lang='lat' dir='ltr'>per</span> <span class='ocrx_word' id='word_1_233' title='bbox 681 1680 810 1720; x_wconf 89' lang='lat' dir='ltr'>alium</span> <span class='ocrx_word' id='word_1_234' title='bbox 837 1681 1023 1730; x_wconf 89' lang='lat' dir='ltr'>quolibet</span> <span class='ocrx_word' id='word_1_235' title='bbox 1049 1694 1154 1720; x_wconf 88' lang='lat' dir='ltr'>anno</span> <span class='ocrx_word' id='word_1_236' title='bbox 1179 1682 1436 1731; x_wconf 80' lang='lat' dir='ltr'>septuaginta</span> <span class='ocrx_word' id='word_1_237' title='bbox 1455 1681 1592 1721; x_wconf 81' lang='lat' dir='ltr'>Miffas</span> <span class='ocrx_word' id='word_1_238' title='bbox 1611 1707 1623 1725; x_wconf 85' lang='lat'>,</span> <span class='ocrx_word' id='word_1_239' title='bbox 1653 1679 1722 1720; x_wconf 89' lang='lat' dir='ltr'>sub</span> <span class='ocrx_word' id='word_1_240' title='bbox 1753 1693 1843 1730; x_wconf 83' lang='lat' dir='ltr'>poe-</span> 
     </span>
     <span class='ocr_line' id='line_1_30' title="bbox 497 1732 1840 1783; baseline 0.003 -14"><span class='ocrx_word' id='word_1_241' title='bbox 497 1743 548 1769; x_wconf 86' lang='lat' dir='ltr'>na</span> <span class='ocrx_word' id='word_1_242' title='bbox 565 1732 815 1772; x_wconf 82' lang='lat' dir='ltr'>caducitatis</span> <span class='ocrx_word' id='word_1_243' title='bbox 833 1733 874 1771; x_wconf 87' lang='lat' dir='ltr'>in</span> <span class='ocrx_word' id='word_1_244' title='bbox 891 1733 982 1771; x_wconf 87' lang='lat' dir='ltr'>casu</span> <span class='ocrx_word' id='word_1_245' title='bbox 998 1732 1148 1772; x_wconf 80' lang='lat' dir='ltr'>omiffae</span> <span class='ocrx_word' id='word_1_246' title='bbox 1167 1734 1457 1772; x_wconf 82' lang='lat' dir='ltr'>celebrationis</span> <span class='ocrx_word' id='word_1_247' title='bbox 1479 1761 1491 1778; x_wconf 80' lang='lat'><strong>‚</strong></span> <span class='ocrx_word' id='word_1_248' title='bbox 1511 1735 1578 1773; x_wconf 90' lang='lat' dir='ltr'>vel</span> <span class='ocrx_word' id='word_1_249' title='bbox 1595 1733 1840 1783; x_wconf 85' lang='lat' dir='ltr'>descriptio-</span> 
     </span>
     <span class='ocr_line' id='line_1_31' title="bbox 501 1782 1846 1826; baseline 0.004 -6"><span class='ocrx_word' id='word_1_250' title='bbox 501 1783 563 1821; x_wconf 85' lang='lat' dir='ltr'>nis</span> <span class='ocrx_word' id='word_1_251' title='bbox 592 1782 805 1823; x_wconf 81' lang='lat' dir='ltr'>Missarum</span> <span class='ocrx_word' id='word_1_252' title='bbox 834 1785 1137 1824; x_wconf 84' lang='lat' dir='ltr'>celebratarum</span> <span class='ocrx_word' id='word_1_253' title='bbox 1171 1785 1211 1823; x_wconf 86' lang='lat' dir='ltr'>iu</span> <span class='ocrx_word' id='word_1_254' title='bbox 1244 1786 1439 1823; x_wconf 88' lang='lat' dir='ltr'>consueto</span> <span class='ocrx_word' id='word_1_255' title='bbox 1474 1785 1577 1823; x_wconf 86' lang='lat' dir='ltr'>libro</span> <span class='ocrx_word' id='word_1_256' title='bbox 1610 1785 1805 1825; x_wconf 72' lang='lat' dir='ltr'>Sacristiae</span> <span class='ocrx_word' id='word_1_257' title='bbox 1833 1815 1846 1826; x_wconf 82' lang='lat'>.</span> 
     </span>
     <span class='ocr_line' id='line_1_32' title="bbox 496 1833 1844 1887; baseline 0 -11"><span class='ocrx_word' id='word_1_258' title='bbox 496 1833 680 1876; x_wconf 86' lang='lat' dir='ltr'>Eandem</span> <span class='ocrx_word' id='word_1_259' title='bbox 705 1837 1016 1887; x_wconf 85' lang='lat' dir='ltr'>Cappellaniam</span> <span class='ocrx_word' id='word_1_260' title='bbox 1043 1849 1149 1877; x_wconf 87' lang='lat' dir='ltr'>anno</span> <span class='ocrx_word' id='word_1_261' title='bbox 1182 1850 1296 1886; x_wconf 87' lang='lat'>1745.</span> <span class='ocrx_word' id='word_1_262' title='bbox 1328 1835 1529 1876; x_wconf 80' lang='lat' dir='ltr'>assecutus</span> <span class='ocrx_word' id='word_1_263' title='bbox 1563 1838 1616 1876; x_wconf 89' lang='lat' dir='ltr'>est</span> <span class='ocrx_word' id='word_1_264' title='bbox 1646 1837 1844 1876; x_wconf 82' lang='lat' dir='ltr'>Sacerdos</span> 
     </span>
     <span class='ocr_line' id='line_1_33' title="bbox 497 1889 1843 1945; baseline 0.001 -17"><span class='ocrx_word' id='word_1_265' title='bbox 497 1889 747 1929; x_wconf 70' lang='lat' dir='ltr'>Vincentius</span> <span class='ocrx_word' id='word_1_266' title='bbox 776 1890 889 1939; x_wconf 85' lang='lat' dir='ltr'>Gigli</span> <span class='ocrx_word' id='word_1_267' title='bbox 906 1915 918 1934; x_wconf 91' lang='lat'>‚</span> <span class='ocrx_word' id='word_1_268' title='bbox 948 1889 1089 1939; x_wconf 88' lang='lat' dir='ltr'>vigore</span> <span class='ocrx_word' id='word_1_269' title='bbox 1107 1889 1262 1929; x_wconf 80' lang='lat' dir='ltr'>Gratiae</span> <span class='ocrx_word' id='word_1_270' title='bbox 1277 1889 1519 1938; x_wconf 70' lang='lat' dir='ltr'>Apostolicae</span> <span class='ocrx_word' id='word_1_271' title='bbox 1536 1902 1608 1939; x_wconf 87' lang='lat' dir='ltr'>pro</span> <span class='ocrx_word' id='word_1_272' title='bbox 1626 1890 1843 1945; x_wconf 81' lang='lat' dir='ltr'>praesenta-</span> 
     </span>
     <span class='ocr_line' id='line_1_34' title="bbox 497 1942 1846 1992; baseline 0 -10"><span class='ocrx_word' id='word_1_273' title='bbox 497 1952 542 1982; x_wconf 91' lang='lat' dir='ltr'>to</span> <span class='ocrx_word' id='word_1_274' title='bbox 561 1966 573 1985; x_wconf 86' lang='lat'><strong>‚</strong></span> <span class='ocrx_word' id='word_1_275' title='bbox 601 1954 694 1980; x_wconf 91' lang='lat' dir='ltr'>cum</span> <span class='ocrx_word' id='word_1_276' title='bbox 715 1942 983 1992; x_wconf 80' lang='lat' dir='ltr'>derogatione</span> <span class='ocrx_word' id='word_1_277' title='bbox 997 1942 1238 1983; x_wconf 85' lang='lat' dir='ltr'>medietatis</span> <span class='ocrx_word' id='word_1_278' title='bbox 1255 1945 1402 1981; x_wconf 88' lang='lat' dir='ltr'>vocum</span> <span class='ocrx_word' id='word_1_279' title='bbox 1420 1955 1434 1981; x_wconf 86' lang='grc'>,-</span> <span class='ocrx_word' id='word_1_280' title='bbox 1463 1943 1531 1981; x_wconf 87' lang='lat' dir='ltr'>sed</span> <span class='ocrx_word' id='word_1_281' title='bbox 1564 1942 1680 1981; x_wconf 88' lang='lat' dir='ltr'>illam</span> <span class='ocrx_word' id='word_1_282' title='bbox 1712 1944 1846 1992; x_wconf 83' lang='lat' dir='ltr'>postea</span> 
     </span>
     <span class='ocr_line' id='line_1_35' title="bbox 500 1994 1842 2044; baseline 0 -10"><span class='ocrx_word' id='word_1_283' title='bbox 500 1994 617 2034; x_wconf 85' lang='lat' dir='ltr'>ceffit</span> <span class='ocrx_word' id='word_1_284' title='bbox 646 2007 717 2043; x_wconf 88' lang='lat' dir='ltr'>per</span> <span class='ocrx_word' id='word_1_285' title='bbox 747 1995 1065 2036; x_wconf 69' lang='lat' dir='ltr'>tra11sa6tionen1</span> <span class='ocrx_word' id='word_1_286' title='bbox 1113 1995 1280 2035; x_wconf 85' lang='lat' dir='ltr'>Clerico</span> <span class='ocrx_word' id='word_1_287' title='bbox 1311 1994 1525 2044; x_wconf 84' lang='lat' dir='ltr'>Policarpo</span> <span class='ocrx_word' id='word_1_288' title='bbox 1554 1994 1765 2034; x_wconf 83' lang='lat' dir='ltr'>Casentini</span> <span class='ocrx_word' id='word_1_289' title='bbox 1794 1997 1842 2035; x_wconf 87' lang='lat' dir='ltr'>ab</span> 
     </span>
     <span class='ocr_line' id='line_1_36' title="bbox 499 2046 1840 2098; baseline -0.001 -10"><span class='ocrx_word' id='word_1_290' title='bbox 499 2047 591 2088; x_wconf 86' lang='lat' dir='ltr'>aliis</span> <span class='ocrx_word' id='word_1_291' title='bbox 609 2046 797 2088; x_wconf 84' lang='lat' dir='ltr'>Patronis</span> <span class='ocrx_word' id='word_1_292' title='bbox 816 2049 1061 2098; x_wconf 83' lang='lat' dir='ltr'>praesentato</span> <span class='ocrx_word' id='word_1_293' title='bbox 1082 2078 1091 2087; x_wconf 89' lang='lat'><strong>.</strong></span> <span class='ocrx_word' id='word_1_294' title='bbox 1127 2048 1310 2087; x_wconf 87' lang='lat' dir='ltr'>Labente</span> <span class='ocrx_word' id='word_1_295' title='bbox 1330 2056 1469 2087; x_wconf 86' lang='lat' dir='ltr'>autem</span> <span class='ocrx_word' id='word_1_296' title='bbox 1497 2048 1703 2095; x_wconf 81' lang='lat' dir='ltr'>superiore</span> <span class='ocrx_word' id='word_1_297' title='bbox 1734 2059 1840 2087; x_wconf 88' lang='lat' dir='ltr'>anno</span> 
     </span>
     <span class='ocr_line' id='line_1_37' title="bbox 501 2100 1841 2151; baseline -0.001 -11"><span class='ocrx_word' id='word_1_298' title='bbox 501 2101 613 2140; x_wconf 88' lang='lat' dir='ltr'>idem</span> <span class='ocrx_word' id='word_1_299' title='bbox 632 2100 868 2151; x_wconf 85' lang='lat' dir='ltr'>Policarpus</span> <span class='ocrx_word' id='word_1_300' title='bbox 881 2100 1092 2141; x_wconf 82' lang='lat' dir='ltr'>Casen&#39;tini</span> <span class='ocrx_word' id='word_1_301' title='bbox 1109 2100 1158 2140; x_wconf 89' lang='lat' dir='ltr'>de</span> <span class='ocrx_word' id='word_1_302' title='bbox 1174 2101 1366 2140; x_wconf 88' lang='lat' dir='ltr'>consensu</span> <span class='ocrx_word' id='word_1_303' title='bbox 1383 2101 1652 2139; x_wconf 86' lang='lat' dir='ltr'>Patronorum</span> <span class='ocrx_word' id='word_1_304' title='bbox 1668 2100 1841 2150; x_wconf 82' lang='lat' dir='ltr'>Cappel-</span> 
     </span>
     <span class='ocr_line' id='line_1_38' title="bbox 499 2151 1846 2206; baseline -0.001 -15"><span class='ocrx_word' id='word_1_305' title='bbox 499 2152 652 2192; x_wconf 68' lang='lat' dir='ltr'>janiam</span> <span class='ocrx_word' id='word_1_306' title='bbox 681 2153 912 2193; x_wconf 85' lang='lat' dir='ltr'>retroceffit</span> <span class='ocrx_word' id='word_1_307' title='bbox 936 2154 1047 2193; x_wconf 57' lang='lat' dir='ltr'>dieto</span> <span class='ocrx_word' id='word_1_308' title='bbox 1081 2153 1306 2194; x_wconf 87' lang='lat' dir='ltr'>Vincentio</span> <span class='ocrx_word' id='word_1_309' title='bbox 1335 2152 1480 2203; x_wconf 78' lang='lat' dir='ltr'>Gigli3</span> <span class='ocrx_word' id='word_1_310' title='bbox 1509 2153 1546 2192; x_wconf 71' lang='lat' dir='ltr'>Sc</span> <span class='ocrx_word' id='word_1_311' title='bbox 1577 2151 1744 2206; x_wconf 36' lang='lat' dir='ltr'>admi-[sa</span> <span class='ocrx_word' id='word_1_312' title='bbox 1775 2162 1846 2199; x_wconf 83' lang='lat' dir='ltr'>per</span> 
     </span>
     <span class='ocr_line' id='line_1_39' title="bbox 500 2205 1843 2256; baseline -0.001 -12"><span class='ocrx_word' id='word_1_313' title='bbox 500 2205 716 2245; x_wconf 85' lang='lat' dir='ltr'>Datariam</span> <span class='ocrx_word' id='word_1_314' title='bbox 741 2207 1019 2256; x_wconf 76' lang='lat' dir='ltr'>Apostolicam</span> <span class='ocrx_word' id='word_1_315' title='bbox 1047 2206 1277 2252; x_wconf 87' lang='lat' dir='ltr'>hujusmodi</span> <span class='ocrx_word' id='word_1_316' title='bbox 1320 2205 1588 2255; x_wconf 80' lang='lat' dir='ltr'>resignatione</span> <span class='ocrx_word' id='word_1_317' title='bbox 1619 2229 1633 2248; x_wconf 87' lang='lat'><strong>‚</strong></span> <span class='ocrx_word' id='word_1_318' title='bbox 1677 2206 1843 2244; x_wconf 71' lang='lat' dir='ltr'>fuerunt</span> 
     </span>
     <span class='ocr_line' id='line_1_40' title="bbox 500 2256 1841 2309; baseline -0.001 -13"><span class='ocrx_word' id='word_1_319' title='bbox 500 2257 644 2299; x_wconf 83' lang='lat' dir='ltr'>favore</span> <span class='ocrx_word' id='word_1_320' title='bbox 675 2258 1022 2309; x_wconf 87' lang='lat' dir='ltr'>VincentiiGigli</span> <span class='ocrx_word' id='word_1_321' title='bbox 1053 2258 1251 2308; x_wconf 70' lang='lat' dir='ltr'>expeditae</span> <span class='ocrx_word' id='word_1_322' title='bbox 1279 2257 1428 2298; x_wconf 78' lang='lat' dir='ltr'>Literae</span> <span class='ocrx_word' id='word_1_323' title='bbox 1458 2258 1701 2306; x_wconf 83' lang='lat' dir='ltr'>Apostolicae</span> <span class='ocrx_word' id='word_1_324' title='bbox 1721 2286 1730 2295; x_wconf 89' lang='lat'>.</span> <span class='ocrx_word' id='word_1_325' title='bbox 1761 2256 1841 2295; x_wconf 88' lang='lat' dir='ltr'>Sed</span> 
     </span>
     <span class='ocr_line' id='line_1_41' title="bbox 499 2306 1839 2362; baseline -0.003 -12"><span class='ocrx_word' id='word_1_326' title='bbox 499 2311 673 2362; x_wconf 83' lang='lat' dir='ltr'>Joannes</span> <span class='ocrx_word' id='word_1_327' title='bbox 701 2312 949 2352; x_wconf 87' lang='lat' dir='ltr'>Vincentius</span> <span class='ocrx_word' id='word_1_328' title='bbox 964 2310 1187 2350; x_wconf 87' lang='lat' dir='ltr'>Turchetti</span> <span class='ocrx_word' id='word_1_329' title='bbox 1208 2335 1222 2356; x_wconf 88' lang='lat'>‚</span> <span class='ocrx_word' id='word_1_330' title='bbox 1242 2311 1426 2361; x_wconf 82' lang='lat' dir='ltr'>precibus</span> <span class='ocrx_word' id='word_1_331' title='bbox 1457 2306 1839 2349; x_wconf 89' lang='lat' dir='ltr'>SANCTISSIMO</span> 
     </span>
     <span class='ocr_line' id='line_1_42' title="bbox 497 2361 1836 2416; baseline -0.004 -13"><span class='ocrx_word' id='word_1_332' title='bbox 497 2363 672 2410; x_wconf 87' lang='lat' dir='ltr'>oblatis,</span> <span class='ocrx_word' id='word_1_333' title='bbox 703 2378 789 2414; x_wconf 78' lang='lat' dir='ltr'>qua:</span> <span class='ocrx_word' id='word_1_334' title='bbox 809 2363 976 2404; x_wconf 77' lang='lat' dir='ltr'>remiffie</span> <span class='ocrx_word' id='word_1_335' title='bbox 1009 2363 1179 2403; x_wconf 87' lang='lat' dir='ltr'>fuerunt</span> <span class='ocrx_word' id='word_1_336' title='bbox 1208 2365 1256 2403; x_wconf 93' lang='lat' dir='ltr'>ad</span> <span class='ocrx_word' id='word_1_337' title='bbox 1281 2365 1383 2402; x_wconf 82' lang='lat' dir='ltr'>hanc</span> <span class='ocrx_word' id='word_1_338' title='bbox 1415 2363 1578 2402; x_wconf 88' lang='lat' dir='ltr'>Sacram</span> <span class='ocrx_word' id='word_1_339' title='bbox 1606 2361 1836 2416; x_wconf 76' lang='lat' dir='ltr'>Congrega-</span> 
     </span>
     <span class='ocr_line' id='line_1_43' title="bbox 500 2412 1838 2469; baseline -0.001 -15"><span class='ocrx_word' id='word_1_340' title='bbox 500 2417 660 2456; x_wconf 86' lang='lat' dir='ltr'>tionem</span> <span class='ocrx_word' id='word_1_341' title='bbox 677 2443 690 2462; x_wconf 87' lang='lat'><strong>‚</strong></span> <span class='ocrx_word' id='word_1_342' title='bbox 707 2419 746 2457; x_wconf 78' lang='lat' dir='ltr'>Sc</span> <span class='ocrx_word' id='word_1_343' title='bbox 762 2417 944 2467; x_wconf 88' lang='lat' dir='ltr'>pluribus</span> <span class='ocrx_word' id='word_1_344' title='bbox 962 2416 1185 2456; x_wconf 76' lang='lat' dir='ltr'>cumulatis</span> <span class='ocrx_word' id='word_1_345' title='bbox 1200 2422 1202 2424; x_wconf 83' lang='lat'>&#39;</span> <span class='ocrx_word' id='word_1_346' title='bbox 1215 2415 1521 2465; x_wconf 82' lang='lat' dir='ltr'>exceptionibus</span> <span class='ocrx_word' id='word_1_347' title='bbox 1551 2427 1620 2463; x_wconf 82' lang='lat' dir='ltr'>pro</span> <span class='ocrx_word' id='word_1_348' title='bbox 1638 2412 1838 2469; x_wconf 75' lang='lat' dir='ltr'>nullitate</span> 
     </span>
     <span class='ocr_line' id='line_1_44' title="bbox 496 2463 1885 2520; baseline -0.002 -13"><span class='ocrx_word' id='word_1_349' title='bbox 496 2470 776 2519; x_wconf 87' lang='lat' dir='ltr'>refignationis</span> <span class='ocrx_word' id='word_1_350' title='bbox 789 2469 902 2509; x_wconf 64' lang='lat' dir='ltr'>fastae</span> <span class='ocrx_word' id='word_1_351' title='bbox 917 2469 1144 2511; x_wconf 85' lang='lat' dir='ltr'>Vincentio</span> <span class='ocrx_word' id='word_1_352' title='bbox 1163 2468 1515 2520; x_wconf 79' lang='lat' dir='ltr'>Gigli,postulavit</span> <span class='ocrx_word' id='word_1_353' title='bbox 1527 2463 1832 2515; x_wconf 81' lang='lat' dir='ltr'>Cappellaniam</span> <span class='ocrx_word' id='word_1_354' title='bbox 1882 2485 1885 2490; x_wconf 91' lang='lat'>·</span> 
     </span>
     <span class='ocr_line' id='line_1_45' title="bbox 497 2521 1292 2572; baseline 0.003 -14"><span class='ocrx_word' id='word_1_355' title='bbox 497 2521 564 2558; x_wconf 89' lang='lat' dir='ltr'>fibi</span> <span class='ocrx_word' id='word_1_356' title='bbox 580 2521 759 2562; x_wconf 86' lang='lat' dir='ltr'>conferri</span> <span class='ocrx_word' id='word_1_357' title='bbox 776 2549 790 2568; x_wconf 90' lang='lat'>‚</span> <span class='ocrx_word' id='word_1_358' title='bbox 810 2523 872 2562; x_wconf 91' lang='lat' dir='ltr'>uti</span> <span class='ocrx_word' id='word_1_359' title='bbox 889 2521 1017 2571; x_wconf 84' lang='lat' dir='ltr'>magis</span> <span class='ocrx_word' id='word_1_360' title='bbox 1035 2521 1268 2572; x_wconf 83' lang='lat' dir='ltr'>qualificato</span> <span class='ocrx_word' id='word_1_361' title='bbox 1283 2551 1292 2559; x_wconf 94' lang='lat'>.</span> 
     </span>
     <span class='ocr_line' id='line_1_46' title="bbox 446 2566 1840 2626; baseline -0.001 -16"><span class='ocrx_word' id='word_1_362' title='bbox 446 2566 746 2618; x_wconf 83' lang='lat' dir='ltr'>Refignatarius</span> <span class='ocrx_word' id='word_1_363' title='bbox 766 2584 907 2614; x_wconf 87' lang='lat' dir='ltr'>contra</span> <span class='ocrx_word' id='word_1_364' title='bbox 923 2574 1102 2623; x_wconf 87' lang='lat' dir='ltr'>disputat</span> <span class='ocrx_word' id='word_1_365' title='bbox 1120 2600 1133 2619; x_wconf 90' lang='lat'>‚</span> <span class='ocrx_word' id='word_1_366' title='bbox 1168 2573 1446 2623; x_wconf 88' lang='lat' dir='ltr'>qualificatum</span> <span class='ocrx_word' id='word_1_367' title='bbox 1475 2567 1694 2626; x_wconf 73' lang='lat' dir='ltr'>dicendum</span> <span class='ocrx_word' id='word_1_368' title='bbox 1725 2583 1840 2609; x_wconf 64' lang='lat' dir='ltr'>non-2</span> 
     </span>
     <span class='ocr_line' id='line_1_47' title="bbox 500 2621 1842 2672; baseline 0.001 -12"><span class='ocrx_word' id='word_1_369' title='bbox 500 2621 577 2661; x_wconf 82' lang='lat' dir='ltr'>esse</span> <span class='ocrx_word' id='word_1_370' title='bbox 607 2628 882 2672; x_wconf 86' lang='lat' dir='ltr'>oppofitorem</span> <span class='ocrx_word' id='word_1_371' title='bbox 912 2626 1136 2666; x_wconf 84' lang='lat' dir='ltr'>Turchetti</span> <span class='ocrx_word' id='word_1_372' title='bbox 1167 2627 1326 2665; x_wconf 87' lang='lat' dir='ltr'>ratione</span> <span class='ocrx_word' id='word_1_373' title='bbox 1346 2625 1610 2671; x_wconf 78' lang='lat' dir='ltr'>Cognationis</span> <span class='ocrx_word' id='word_1_374' title='bbox 1647 2634 1740 2660; x_wconf 89' lang='lat' dir='ltr'>cum</span> <span class='ocrx_word' id='word_1_375' title='bbox 1773 2623 1842 2672; x_wconf 85' lang='lat' dir='ltr'>pio</span> 
     </span>
     <span class='ocr_line' id='line_1_48' title="bbox 500 2674 1841 2729; baseline 0.002 -18"><span class='ocrx_word' id='word_1_376' title='bbox 500 2674 732 2715; x_wconf 86' lang='lat' dir='ltr'>Fundatore</span> <span class='ocrx_word' id='word_1_377' title='bbox 747 2704 760 2723; x_wconf 90' lang='lat'><strong>‚</strong></span> <span class='ocrx_word' id='word_1_378' title='bbox 790 2680 829 2717; x_wconf 68' lang='lat'>8&lt;</span> <span class='ocrx_word' id='word_1_379' title='bbox 847 2678 1179 2718; x_wconf 89' lang='lat' dir='ltr'>nominationum</span> <span class='ocrx_word' id='word_1_380' title='bbox 1193 2690 1214 2716; x_wconf 91' lang='lat' dir='ltr'>a</span> <span class='ocrx_word' id='word_1_381' title='bbox 1231 2677 1416 2716; x_wconf 83' lang='lat' dir='ltr'>Patronis</span> <span class='ocrx_word' id='word_1_382' title='bbox 1435 2674 1693 2711; x_wconf 88' lang='lat' dir='ltr'>obtentarum</span> <span class='ocrx_word' id='word_1_383' title='bbox 1711 2689 1726 2714; x_wconf 72' lang='lat'>2·</span> <span class='ocrx_word' id='word_1_384' title='bbox 1746 2676 1841 2729; x_wconf 82' lang='lat' dir='ltr'>quia</span> 
     </span>
     <span class='ocr_line' id='line_1_49' title="bbox 497 2725 1837 2780; baseline 0.002 -15"><span class='ocrx_word' id='word_1_385' title='bbox 497 2739 572 2767; x_wconf 84' lang='lat' dir='ltr'>nec</span> <span class='ocrx_word' id='word_1_386' title='bbox 603 2725 968 2780; x_wconf 74' lang='lat' dir='ltr'>asserta-cognatio</span> <span class='ocrx_word' id='word_1_387' title='bbox 984 2732 1203 2779; x_wconf 81' lang='lat' dir='ltr'>probatur,</span> <span class='ocrx_word' id='word_1_388' title='bbox 1237 2742 1313 2769; x_wconf 86' lang='lat' dir='ltr'>nec</span> <span class='ocrx_word' id='word_1_389' title='bbox 1331 2727 1534 2775; x_wconf 71' lang='lat' dir='ltr'>cognatos</span> <span class='ocrx_word' id='word_1_390' title='bbox 1551 2726 1640 2766; x_wconf 84' lang='lat' dir='ltr'>suos</span> <span class='ocrx_word' id='word_1_391' title='bbox 1659 2726 1837 2777; x_wconf 72' lang='lat' dir='ltr'>praeferri</span> 
     </span>
     <span class='ocr_line' id='line_1_50' title="bbox 1764 2791 1835 2819; baseline -0.014 0"><span class='ocrx_word' id='word_1_392' title='bbox 1764 2791 1835 2819; x_wconf 75' lang='lat' dir='ltr'>vo-</span> 
     </span>
    </p>
   </div>
  </div>
 </body>
</html>
