1934 2954
10 208 62 256 11.
102 217 175 259 An
197 213 369 252 Edtft‘am
380 212 675 262 Reverendiffimi
689 212 854 263 Episcopi
858 212 970 262 sstper
986 215 1242 254 Cathedratico
1252 179 1412 264 promluali

174 267 380 321 gatumfhh
395 268 456 305 die
474 269 534 308 18·
551 265 688 308 Martii
708 270 820 313 1760.
832 266 883 323 fit
896 270 1156 316 exequendum,
1176 283 1214 305 m
1229 269 1310 316 casu
1329 274 1404 313 &c-

127 425 195 467 Ad
210 424 240 467 Ι.
268 424 419 464 Deberi
436 423 476 462 in
493 422 627 470 specie
644 449 656 468 ‚
684 423 750 462 vel
770 423 1003 472 quantitate
1018 421 1230 462 moderata
1249 434 1320 470 pro
1339 424 1403 462 vi-

180 477 379 516 ctualibus
400 485 560 516 tantum
578 501 590 519 ,
608 475 776 515 arbitrio
793 474 1096 514 V1fitandorum
1118 499 1131 518 ‚
1160 476 1207 517 ad
1225 474 1402 515 formam

178 528 360 568 Concilii
377 559 386 567 .
425 527 491 566 Ad
522 527 574 566 11.
612 526 875 571 Affirmative
895 553 908 573 ‚
942 528 1106 577 expleto
1133 527 1314 568 triennio
1358 530 1405 571 ab

185 581 331 625 ultima
347 579 593 624 Vifitatione
605 608 616 626 ‚

28 788 38 810 '‘
136 792 415 834 UXIMANA
453 789 955 834 COMMUTATIONIS
994 791 1369 833 VOLUNTATIS
1386 822 1395 832 .
1445 792 1733 841 Sqfs.22.cap.6,

151 846 376 886 franciscus
389 845 600 885 Corradiui
615 846 865 884 Auximanus
896 846 935 883 in
969 844 1233 885 Testamento
1249 871 1262 890 ‚
1290 845 1399 898 quod
1447 848 1489 885 de
1502 844 1659 891 Reform.

86 897 271 939 condidit
285 908 386 936 anno
403 904 514 945 1738.
532 924 544 943 ,
572 898 766 946 praecepit
792 897 1077 937 venditionem
1106 900 1287 937 omnium
1306 901 1400 937 'suo-

85 963 173 990 rum
190 953 383 988 bonorum
397 952 482 990 tam
495 950 708 989 mobilium
723 974 736 992 ‚
763 950 882 999 quam
906 949 1106 988 stabilium
1122 976 1135 995 ,
1164 951 1400 1000 pretiique-2

81 1001 414 1042 investimentum
429 1003 468 1042 in
485 1002 608 1041 Locis
622 1001 831 1040 Montium
848 1001 1127 1041 Cameraltum
1141 1002 1278 1046 Urbis,
1295 1011 1341 1040 ut
1357 1013 1404 1042 ex

80 1054 253 1094 illorum
267 1051 458 1094 fructibus
473 1054 753 1102 multiplicum
771 1054 1040 1092 conficeretur
1070 1056 1194 1105 usque
1223 1054 1270 1093 ad
1284 1053 1405 1093 effor-

84 1106 312 1145 mationem
328 1105 530 1155 Capitalis
545 1104 782 1144 sufficientis
796 1118 866 1152 pro
883 1104 1008 1143 fundo
1025 1104 1251 1144 Praelaturae
1280 1106 1409 1144 deno·-

85 1158 284 1197 minandae
313 1157 348 1196 la
365 1159 564 1196 prelatura
590 1159 779 1194 Corradim·
794 1182 806 1200 ‚
838 1168 956 1206 quam
986 1156 1155 1196 inst1tuit
1186 1157 1384 1196 haeredem
1396 1185 1407 1195 .

85 1209 390 1259 Juspatronatus
408 1218 546 1248 autem
558 1208 736 1247 activum
757 1235 767 1253 ‚
787 1209 824 1248 8<
839 1208 1032 1257 paffivum
1049 1209 1162 1247 dista:
1182 1208 1408 1248 Praelaturae

87 1261 258 1310 reliquit
270 1260 464 1300 Masculis
481 1260 813 1299 descendentibus
844 1272 913 1308 per
939 1259 1109 1299 Lineam
1137 1261 1410 1299 Mascuiinam

31 1317 36 1365 ζ
88 1324 115 1353 a
129 1312 206 1350 suis
223 1312 430 1352 Sororibus
449 1339 461 1356 ‚
475 1311 662 1351 Therefia
680 1323 824 1359 nempe
851 1310 984 1350 Uxore
1003 1312 1201 1350 Francisci
1231 1313 1412 1358 Dittajua

85 1364 144 1408 ti,
159 1364 197 1403 δέ
213 1363 342 1404 Laura
354 1373 478 1413 nupta
495 1376 587 1402 cum
607 1363 816 1402 Francisco
832 1362 948 1401 Paci:
966 1363 1121 1403 servata
1138 1363 1244 1402 inter
1263 1373 1411 1402 utram-

89 1428 171 1466 que
189 1414 357 1455 Lineam
376 1415 634 1456 alternativaj
648 1416 698 1453 Et
715 1423 913 1465 quatenus
943 1415 981 1452 in
1008 1415 1134 1455 Linea
1160 1418 1273 1461 juxta
1299 1416 1412 1454 ordi-

90 1478 187 1506 nem
202 1468 454 1507 alternativae
469 1466 710 1516 praeferenda
741 1466 908 1505 idoneus
942 1478 1062 1506 nemo
1090 1466 1336 1515 reperiretur
1362 1467 1412 1505 ad

89 1518 352 1559 Prae—laturam
370 1518 665 1561 assumendam,
680 1519 847 1557 admitti
865 1519 1000 1557 voluit
1020 1520 1068 1558 ad
1100 1518 1338 1558 fruitionem
1361 1519 1412 1557 il-

38 1588 45 1621 3
88 1571 172 1612 lius
200 1571 404 1612 redituum
433 1572 645 1610 Personam
664 1571 849 1610 idoneam
871 1570 919 1609 de
939 1572 1020 1610 alia
1039 1571 1166 1610 Linea
1184 1601 1193 1609 .
1213 1569 1290 1609 Pro
1303 1579 1412 1610 tem-

34 1621 41 1626 ’
87 1633 190 1674 pore
203 1635 401 1674 vero‚quo
417 1624 454 1662 in
474 1632 644 1674 utraque
662 1622 786 1662 Linea
802 1623 1022 1662 deficerent
1041 1622 1219 1662 Personae
1239 1623 1412 1668 idoneae,

89 1675 228 1724 ‘pergit
243 1675 297 1714 ibi
312 1692 338 1715 z
352 1676 490 1714 Allora
505 1677 654 1713 intendo
671 1699 682 1718 ‚
718 1676 938 1724 chesc.2oo.
959 1686 1040 1713 rata
1072 1677 1112 1712 di
1142 1676 1235 1713 detti
1256 1675 1413 1725 sruttifi

93 1728 220 1766 abhinc
235 1729 282 1765 ad
294 1732 486 1778 impiegare
502 1738 567 1777 per
586 1726 616 1764 tl
631 1731 902 1765 mantenimento
923 1725 984 1764 del
1016 1731 1183 1766 Giovane
1202 1754 1214 1772 ‚
1245 1730 1307 1765 che
1322 1728 1413 1776 alpi-

87 1781 176 1818 rard
192 1793 212 1816 a
224 1781 324 1818 detta
339 1782 531 1818 prelatura
549 1804 561 1823 ‚
578 1793 599 1817 a
603 1780 682 1826 fine
694 1780 789 1830 poffa
803 1778 982 1828 applicare
998 1780 1063 1817 alli
1071 1781 1186 1829 studii
1207 1782 1246 1817 in
1261 1779 1414 1828 qualche

92 1833 301 1870 Seminario
317 1835 356 1870 di
372 1832 486 1870 Roma
503 1845 511 1870 z
528 1832 581 1870 col
594 1833 678 1882 resto
687 1836 745 1882 poi
760 1833 799 1869 cli
814 1833 906 1870 detti
920 1829 954 1868 F
956 1836 1051 1870 rutti
1059 1834 1092 1882 st
1106 1834 1211 1869 abbia
1241 1834 1409 1870 d'accre—

76 1908 80 1910 ἡ
91 1883 194 1932 scere
204 1884 232 1920 il
247 1885 406 1934 Capitale
418 1887 570 1923 durante
584 1883 622 1921 la
636 1897 803 1928 vacanza
819 1914 828 1924 .

42 1932 320 1978 ¹Vacationem
338 1945 474 1976 autem
490 1937 713 1975 Praelaturae
732 1935 913 1975 decrevit
932 1937 970 1975 in
990 1936 1222 1985 quibusdam
1244 1937 1413 1980 casibus,

95 1986 166 2035 qui
181 1986 229 2025 ad
243 1999 326 2025 rem
339 2001 415 2027 non
431 1988 637 2035 pertinent
652 2018 662 2028 .
676 1989 727 2027 Et
744 2001 820 2027 una
833 1987 961 2028 Linea
972 1988 1200 2027 Masculina
1217 1988 1413 2030 extincta,

96 2037 301 2077 substituit
315 2040 485 2079 alteram
501 2041 750 2084 superstitem
764 2054 777 2080 ‚-
798 2042 970 2089 utraque
985 2052 1082 2078 vero
1096 2039 1314 2078 deficiente
1329 2062 1342 2081 ‚
1362 2038 1414 2077 ad

94 2089 392 2138 iuspatronatus
422 2092 656 2138 praedistum
686 2091 850 2130 vocavit
880 2091 1086 2129 Masculos
1118 2090 1411 2130 descendentes

93 2152 144 2182 cx
185 2141 369 2181 Faeminis
407 2142 604 2182 dictarum
644 2142 833 2180 Sororum
862 2153 871 2179 ε
898 2142 1135 2189 praelatione
1175 2142 1269 2182 data
1295 2142 1412 2181 Finis

91 2192 291 2233 Masculis
312 2195 807 2243 Faeminarumnuptarum
824 2194 862 2233 in
878 2193 1061 2234 Civitate
1079 2195 1268 2233 Auximi:
1299 2195 1336 2233 ὃς
1353 2194 1414 2232 in-

89 2253 161 2285 ter
176 2247 308 2294 plures
339 2247 591 2297 qualificatos
615 2256 902 2287 concurrentes
919 2272 932 2291 ‚
961 2246 1094 2286 voluit
1111 2270 1123 2290 ‚
1156 2247 1412 2297 digniorem.»

92 2297 334 2346 eligendum
347 2298 423 2338 effe
440 2303 487 2337 ab
507 2299 702 2348 Episcopo
717 2300 947 2338 Au‹ximano
964 2310 1034 2346 pro
1048 2299 1116 2338 suo
1142 2299 1334 2347 prudenti
1351 2310 1415 2336 ar·-

39 2352 46 2404 2
98 2347 224 2388 bitrio
237 2379 246 2388 .
264 2351 402 2401 Atque
417 2350 606 2396 demum,
633 2351 758 2390 nullis
775 2351 1047 2399 superstitibus
1076 2350 1414 2391 descendentibus

34 2401 50 2406 ”
99 2412 148 2440 ex
161 2400 285 2440 Linea
301 2405 391 2441 tum
409 2402 631 2442 Masculina
644 2427 657 2446 ,
672 2405 760 2442 tum
778 2403 997 2441 Fxminina
1012 2404 1220 2452 utriusque
1242 2401 1413 2444 Sororis‚

98 2449 293 2494 Nobilem
308 2455 486 2505 aliquem
512 2454 786 2494 Auximanum
816 2455 866 2494 ad
895 2455 1153 2493 Praelaturam
1182 2453 1414 2497 nominari,

78 2502 209 2548 '‘juffit
225 2529 238 2549 ‚
255 2507 302 2543 ab
319 2506 524 2556 Episcopls
543 2519 614 2554 pro
626 2515 827 2555 tempore,
847 2518 947 2556 quos
962 2506 1167 2545 constituit
1184 2506 1413 2554 Exequuto-

104 2565 169 2593 res
184 2557 255 2595 suae
271 2559 522 2602 voluntatis,
539 2558 703 2598 subdens
719 2575 745 2595 =
770 2559 806 2596 la
830 2558 936 2608 quale
954 2563 972 2596 ἑ
986 2560 1124 2595 diretta
1153 2562 1414 2596 unit-amenta,

97 2618 126 2642 -α
136 2615 366 2654 promovere,
392 2627 410 2650 e
418 2611 601 2662 stimolare
624 2611 652 2647 li
677 2612 760 2648 miei
789 2613 927 2659 Nipoti
943 2637 954 2654 ‚
980 2624 999 2647 e
1027 2609 1268 2658 Defienderzti
1297 2610 1338 2645 di
1364 2609 1422 2657 eſj?

103 2657 306 2709 all’aquisto
316 2662 409 2701 delle
423 2666 523 2702 virtit
539 2689 551 2709 ‚
565 2664 704 2701 avendo
720 2664 864 2701 creduto
881 2661 988 2709 effire
1002 2662 1114 2711 questo
1127 2674 1255 2706 mezzo
1265 2664 1329 2709 pila
1336 2669 1417 2709 pro-

95 2713 252 2762 prioper
261 2713 346 2753 dare
359 2716 505 2766 impulso
519 2729 541 2754 a
552 2716 728 2766 medestmi
737 2717 777 2752 di
792 2716 975 2754 attendere
980 2714 1196 2763 firiamente
1205 2712 1411 2765 allistudii.

105 2780 123 2801 ε
779 2765 839 2817 Q
876 2779 896 2805 2
1349 2764 1435 2802 DC-

1049 2882 1063 2900 Ο
