1934 2954
68 729 251 776 Sess.212.'
269 736 344 776 cap.
364 731 402 765 6.

68 783 112 820 de
139 781 298 829 Reform.

492 179 827 263 24123igmbumm·
846 218 984 267 itaque
1003 217 1081 256 LE.
1104 218 1197 258 VV.
1213 216 1410 256 definire:

436 269 561 318 Anfit
577 269 672 306 locus
688 273 970 314 commutationi,
991 273 1034 313 ἔγ
1052 270 1298 319 applicationi‚
1314 273 1352 307 in
1367 269 1451 317 casu
1468 271 1543 313 &a
1565 300 1569 303 -

542 425 823 466 Medietatem
845 427 1072 467 Redituum
1101 426 1178 466 effe
1207 426 1455 477 erogandam
1485 427 1526 467 in
1542 427 1719 468 Subfidia
1748 428 1835 469 Do-

597 478 697 517 talia
722 479 773 517 ad
788 478 962 519 formam
977 480 1332 518 Testamentornm
1350 506 1362 526 ‚
1397 480 1602 531 reliquam
1628 481 1836 522 medieta-

596 539 682 569 tem
708 531 849 572 favore
866 533 1093 583 Hospitalis
1106 562 1117 571 .

515 741 621 781 ULG
631 742 869 782 INATEN.
898 743 1409 784 COMMUTATIONIS
1427 742 1811 784 VOLUNTATIS
1827 773 1838 783 .

562 795 776 844 Virginius
793 795 952 834 Turchi
967 796 1069 835 olim
1089 797 1204 835 Prior
1219 797 1406 836 Ecclefiae
1421 795 1690 836 Cathedralis
1707 796 1842 846 Fulgi-

491 848 667 887 natenfis
684 871 697 890 ,
729 846 994 887 Testamento
1010 872 1024 891 ,
1054 850 1092 888 ἓ(
1119 849 1339 888 Codicillis
1361 849 1540 889 conditis
1572 861 1677 888 anno
1698 862 1812 897 1757.
1829 875 1844 895 ‚

491 899 673 938 haeredes
708 899 884 938 instituit
909 899 1130 940 duodecim
1151 927 1163 946 ‚
1193 902 1261 941 vel
1293 902 1438 940 decem
1465 900 1696 946 Beneficia,
1725 902 1840 940 five„

492 951 787 991 Manfionarias
820 951 860 989 in
877 953 1025 991 eadem
1051 953 1299 993 Cathedrali
1327 954 1539 1002 erigendas
1570 965 1642 1002 pro
1661 954 1842 993 totidem

494 1003 757 1043 Beneficiatis
774 1030 787 1049 ,
818 1006 888 1055 qui
905 1004 1061 1052 possent
1081 1006 1307 1046 eorundem
1325 1005 1624 1046 Beneficiorum
1639 1006 1768 1046 titulo
1781 1019 1844 1045 or-

494 1055 626 1094 dinari
652 1082 666 1102 ‚
695 1057 847 1107 quique
879 1067 1126 1097 tenerentur
1158 1059 1400 1109 quotidiano
1427 1058 1555 1098 Chori
1583 1058 1756 1097 servitio
1782 1059 1844 1097 in-

493 1110 687 1149 cumbere
712 1134 725 1153 ,
754 1110 974 1150 Canonicis
1008 1112 1251 1151 solemniter
1282 1111 1583 1152 celebrantibus
1615 1110 1842 1151 ministrare

496 1161 536 1200 in
554 1174 724 1202 munere
754 1163 961 1208 Diaconi‚
990 1165 1028 1203 Sc
1058 1163 1304 1204 Subdiaconi
1334 1191 1346 1210 ‚
1376 1172 1502 1215 atque
1537 1164 1705 1202 Sacrum
1735 1163 1844 1203 Con-

495 1216 691 1254 ventuale
718 1228 910 1265 peragere
936 1215 1078 1255 diebus
1099 1215 1280 1265 profestis
1297 1244 1308 1263 ,
1338 1219 1451 1263 juxta
1484 1216 1673 1255 ordinem
1702 1225 1843 1256 tamen

498 1268 761 1307 alternativae
781 1268 820 1307 in
839 1269 1014 1308 Ecclefia
1046 1270 1253 1309 consuetae
1288 1295 1300 1314 ‚
1330 1271 1368 1309 ἃ
1396 1282 1489 1308 cum
1509 1269 1714 1308 facultate
1746 1269 1785 1307 se
1804 1269 1842 1308 se

496 1319 677 1359 invicem
691 1321 956 1361 substituendi
972 1335 987 1362 ,-
1017 1335 1139 1372 quam
1158 1322 1326 1373 quidem
1344 1322 1651 1370 dispofitionem
1681 1320 1845 1360 ordina-

495 1384 540 1411 re
561 1371 755 1422 professus
771 1375 824 1413 est
841 1398 855 1417 ,
885 1383 932 1413 ut
949 1375 1109 1425 antiqui
1125 1375 1313 1415 Ecclefiae
1341 1374 1583 1424 Cappellani
1613 1374 1845 1413 eximeren-

494 1433 563 1464 tur
590 1426 800 1465 abeodem
815 1438 940 1466 onere
977 1429 1275 1478 praeterlegem
1293 1427 1550 1468 fundationis
1578 1426 1844 1474 eis-imposito

492 1487 515 1518 a
532 1477 612 1516 san:
629 1491 756 1517 mem:
777 1479 891 1517 Sixto
905 1479 978 1520 IV.
995 1506 1009 1525 ‚
1039 1489 1168 1532 utque
1187 1480 1473 1521 restitueretur
1501 1479 1676 1519 Divinus
1694 1478 1845 1517 Cultus

493 1529 649 1569 adieris
668 1530 935 1581 Cappellanis
971 1533 1068 1582 saepe
1089 1535 1300 1584 negleftus
1326 1563 1336 1572 .
1366 1532 1506 1573 Unum
1534 1540 1732 1582 praeterea
1753 1529 1846 1588 offi-

490 1581 604 1621 cium
632 1582 804 1624 funebre
835 1586 884 1623 ab
912 1585 1067 1625 eisdem
1095 1586 1363 1626 Beneficiatis
1396 1584 1597 1625 celebrari
1625 1581 1844 1623 mandavlt

490 1634 766 1676 anniversaria
783 1636 1116 1676 diesuiobitus.
1146 1639 1199 1677 Et
1228 1637 1441 1681 nonnullis*
1466 1637 1635 1676 illorum
1664 1635 1810 1674 eled'tis
1829 1661 1845 1681 ‚

490 1695 737 1730 caeterorum
764 1689 1015 1729 elet‘tionem
1043 1689 1160 1728 dedit
1191 1690 1420 1739 Episcopo,
1449 1691 1487 1729 ὃς
1516 1687 1716 1737 Capitulo
1736 1712 1749 1731 ‚
1779 1687 1840 1728 ita

489 1747 630 1778 tamen
650 1765 662 1784 ,
679 1749 724 1779 ut
741 1753 788 1779 ex
806 1741 934 1779 tribus
953 1742 1246 1782 nominandisa
1262 1742 1459 1790 Capitulo
1475 1741 1697 1788 Episcopus
1714 1752 1846 1780 unum

491 1791 714 1840 seligeret‚·
743 1805 791 1831 ac
807 1793 908 1841 eligi
925 1793 1060 1831 voluit
1079 1818 1092 1836 ‚
1124 1794 1194 1844 qui
1222 1794 1384 1841 pietate
1418 1792 1545 1843 magis
1566 1818 1578 1836 ‚
1611 1792 1844 1832 &scientia

490 1844 721 1892 praestarent
748 1870 759 1889 ,
790 1844 851 1883 uti
878 1844 1117 1884 Confeffarii
1147 1859 1319 1887 munere
1353 1845 1469 1894 fungi
1497 1843 1651 1894 possent
1671 1871 1684 1890 ‚
1712 1845 1739 1883 fi
1756 1845 1848 1884 vel-

491 1897 606 1935 lent:
635 1906 760 1948 atque
776 1897 884 1937 inter
902 1911 972 1937 eos
994 1896 1174 1948 praeferri
1192 1925 1205 1946 ‚
1237 1899 1307 1950 qui
1325 1898 1472 1944 majori
1488 1899 1665 1946 egestate
1679 1909 1849 1946 praeme-
1880 1901 1885 1904 ⁴

489 1958 633 1989 rentur
650 1979 659 1988 .

440 2001 567 2043 Certa
581 2002 685 2040 bona
704 2011 903 2050 praeterea
922 2004 1078 2053 legavit
1095 2002 1296 2052 Capitulo
1315 2027 1329 2047 s
1359 2004 1398 2042 in
1419 2013 1716 2053 augumentum
1746 2016 1848 2054 quo-

492 2055 747 2097 tidianarum
766 2056 1096 2096 distributionum
1115 2086 1125 2095 .
1157 2057 1209 2095 Et
1229 2058 1343 2104 plura
1363 2056 1443 2095 alia
1462 2057 1616 2106 scripsit
1646 2057 1789 2105 legata
1805 2057 1847 2096 in

491 2109 691 2148 honorem
708 2107 854 2147 Patriae
874 2133 887 2152 ‚
911 2110 949 2151 Sc
968 2109 1007 2148 in
1025 2109 1214 2148 levamen
1232 2109 1462 2158 Pauperum
1481 2139 1491 2148 .
1522 2109 1639 2159 Juffit
1655 2121 1844 2160 namque,

491 2159 675 2206 pretium
690 2169 901 2201 certarum
916 2175 1055 2203 rerum
1070 2162 1382 2202 vendendarum
1403 2162 1583 2202 investiri
1600 2163 1639 2201 in
1659 2162 1703 2201 ll.
1723 2160 1846 2200 Mon-

491 2211 626 2258 tium,
658 2214 696 2252 &
716 2225 762 2252 ex
776 2213 974 2254 frm‘tibus
993 2215 1163 2255 illorum
1193 2214 1372 2263 persolvi
1404 2227 1534 2254 annua
1563 2216 1674 2254 scuta
1701 2215 1844 2270 decern

490 2264 656 2306 Custodi
677 2266 750 2305 suae
766 2265 1034 2308 Bibliotheca:
1052 2293 1064 2312 ,
1081 2280 1204 2317 quarn
1223 2268 1421 2307 collocari
1436 2267 1630 2317 praecepit
1646 2266 1696 2306 ad
1714 2265 1844 2322 publi-

491 2329 581 2357 cam
600 2318 834 2359 utilitatem
855 2319 897 2358 in
916 2319 1085 2361 AEdibus
1099 2320 1420 2360 Canonicalibus
1437 2346 1449 2366 ‚
1480 2321 1519 2360 8(
1535 2332 1630 2359 cum
1647 2319 1718 2358 illa
1738 2329 1844 2373 uniri

490 2370 795 2411 Bibliothecam
811 2372 1129 2421 Jacobillianam
1145 2398 1157 2421 ,
1188 2374 1302 2418 cujus
1318 2372 1429 2412 Libri
1447 2372 1485 2411 in
1499 2372 1610 2412 diem
1630 2369 1813 2421 peribant
1828 2394 1841 2413 ‚

491 2423 540 2460 ob
555 2422 833 2465 deficientiam
850 2425 1032 2464 Custodis
1050 2439 1064 2465 ³·
1095 2425 1179 2464 alia
1194 2425 1309 2465 scuta
1328 2425 1563 2476 quindecim
1580 2422 1755 2478 reliquit.
1772 2432 1843 2469 pro

488 2475 696 2523 stipendio
711 2477 947 2517 Profefforis
964 2503 976 2522 ,
1008 2477 1076 2528 qui
1094 2478 1321 2527 prudentiae
1343 2480 1506 2527 regulas
1523 2504 1536 2524 ‚
1555 2479 1592 2517 δε
1610 2475 1756 2533 Mundi
1775 2487 1842 2512 no-

490 2526 630 2567 titiam
651 2528 873 2578 Juvenibus
893 2539 1115 2578 exponeret
1133 2542 1142 2569 ε
1171 2531 1286 2570 scuta
1305 2530 1386 2569 duo
1399 2530 1569 2570 Oratori
1584 2527 1843 2584 ‚quiserrno-

492 2590 586 2616 nem
605 2582 726 2629 super
758 2583 1005 2624 educatione
1035 2583 1275 2633 Juventutis
1311 2585 1481 2623 haberet
1510 2582 1548 2620 in
1580 2579 1841 2637 Academiag

490 2631 675 2679 quolibet
694 2646 800 2674 anno
820 2635 1085 2676 celebranda:
1115 2636 1227 2676 scuta
1248 2636 1330 2675 duo
1348 2635 1476 2674 Puero
1495 2633 1742 2674 seminarii,
1759 2632 1842 2671 alia

491 2681 573 2720 duo
592 2681 725 2721 Puero
745 2686 899 2726 Schola:
916 2688 1225 2726 Bernabitarum
1245 2688 1311 2736 Q&
1328 2687 1408 2725 alia
1425 2685 1504 2722 duo
1519 2683 1685 2723 Clerico
1706 2683 1841 2724 Theo-

495 2732 611 2785 logiae
628 2733 799 2774 Moralis
815 2739 994 2778 auditori
1016 2765 1027 2785 ,
1060 2739 1127 2790 qui
1145 2736 1427 2789 pr-:estantioris
1446 2736 1598 2785 ingenii
1633 2736 1839 2827 specmclien

1795 2800 1837 2827 e-
