1934 2954
1380 129 1449 155 211

103 194 165 221 res
187 206 198 225 ‚
230 178 410 228 aliosque
430 174 618 214 Famulos
637 184 647 211 ⁴.
678 171 761 211 imo
776 177 975 209 novorum
991 168 1319 208 Canonicatuum
1336 181 1428 208 ere-

97 235 275 273 &ionem
291 243 366 268 non
384 229 539 276 patitur
556 225 730 276 angustia
746 222 873 263 Chori
885 235 899 261 ,-
917 230 1007 260 tum
1020 221 1188 260 demum
1204 221 1297 270 quia
1314 233 1428 270 pere—-

94 286 244 334 exigua:
262 282 398 321 forent
426 280 725 319 distributiones
744 277 782 316 in
799 275 943 315 annuis
955 274 1080 313 scuti>
1101 274 1215 322 140'0.
1233 296 1246 316 ,
1277 273 1425 312 &ideo

92 351 172 377 non
190 336 445 375 obtineretur
459 333 546 372 finis
573 328 785 372 alliciendi
804 327 1032 367 Canonicos
1051 327 1099 366 ad
1116 325 1314 365 affiduum
1343 323 1421 362 Ec-

95 389 222 428 clefiae
238 387 451 427 servitium
468 412 481 431 ‚
512 381 799 425 &consulendi
816 380 983 419 illorum
1007 379 1175 420 decenti
1205 377 1423 416 substenta-

93 441 203 480 tioni
220 465 233 484 ‚
265 451 337 488 pro
352 451 428 488 qua
453 450 551 477 nece
560 436 669 477 {saria
686 435 834 486 cuique
852 434 944 473 sunt
957 444 1087 472 annua
1105 432 1219 473 scuta
1235 443 1327 479 400.
1345 454 1358 474 ‚
1374 433 1425 468 ue

97 493 171 537 alii
189 491 392 532 affirmant
412 491 550 530 Testes
569 521 578 530 .

44 544 357 584 Ponderandum
372 552 508 583 tamen
528 544 581 582 est
594 568 608 589 ‚
637 541 744 592 quod
772 542 822 582 de
840 538 963 579 modo
981 536 1231 588 repartiendi
1247 538 1423 575 novam}

92 596 260 636 Maffiim
277 596 529 645 disceptatur
545 621 558 641 ‚
588 604 806 644 antequam
836 592 947 631 illius
964 590 1117 631 ereftio
1135 589 1305 629 decreta
1320 589 1367 626 fit
1397 599 1419 625 a

97 650 266 689 Summo
285 648 482 688 Pontifice
499 674 512 694 ‚
546 648 613 687 vel
628 648 674 686 ab
692 648 764 687 hac
787 649 906 687 sacra
918 643 1248 694 Congregatione
1263 653 1274 680 t
1292 637 1423 692 quod-

95 715 174 752 que
190 701 239 741 ad
254 700 498 740 suadendam
526 700 645 746 hujus
661 712 773 741 novae
788 696 922 741 Maffae
939 695 1222 737 neceffitatem
1237 718 1251 738 ‚
1278 694 1426 732 nulla)

97 753 266 794 affertur
282 753 466 803 probatio
486 752 621 802 exigui
637 751 946 793 Praebendarum
961 747 1119 790 reditus
1137 771 1151 793 ‚
1166 748 1251 787 irnb
1269 758 1317 785 ex
1330 743 1429 792 Epi-

99 806 210 856 scopi
224 802 482 845 antecessoris
500 804 650 844 Literis
668 806 827 846 eruitur
843 832 855 852 ,
888 800 996 853 quod
1008 801 1143 850 plures
1169 799 1312 840 adsunt
1327 796 1430 834 Prae-

96 858 234 898 bendae
264 857 481 898 reddentes
510 868 640 896 annua
655 857 767 898 scuta
782 873 874 907 400.
893 879 906 899 s
934 855 972 894 Sc
989 864 1078 897 500.
1095 878 1107 898 ‚
1141 852 1179 893 δε
1208 848 1434 891 nonnullae,

102 924 191 967 quae
218 908 396 950 reddunt
409 909 538 949 etiam
556 908 669 949 scuta
685 917 776 951 600.
794 937 807 958 ,
823 925 914 958 700.
935 931 948 950 ‚
963 906 1000 945 &
1018 910 1109 944 800.
1126 930 1139 949 ,
1166 916 1211 942 ac
1228 914 1304 942 una
1321 911 1435 939 exce-

100 971 172 1012 pta
185 961 308 1001 annui
338 961 497 1002 reditus
516 962 725 1002 scutorum
762 969 846 1003 180.
863 989 877 1009 ‚
907 957 1073 1010 reliquae
1102 967 1247 996 omnes
1275 954 1343 993 vel
1376 959 1439 990 at·-

93 1015 263 1065 tingunt
292 1040 307 1060 ,
351 1014 420 1053 vel
455 1012 659 1056 excedunt
699 1028 831 1056 annua
871 1015 983 1054 scuta
1010 1023 1101 1054 300·
1134 1015 1312 1047 monetat
1342 1004 1437 1044 Me-

99 1067 256 1106 litensis
271 1095 282 1105 .

154 1118 440 1167 Dignabuntur-
455 1117 594 1170 itaque
609 1121 688 1161 EE.
705 1121 800 1162 VV.
816 1116 985 1160 definire

50 1171 82 1210 Ῑ-
136 1170 211 1209 An
221 1172 270 1220 fit
295 1172 525 1220 approbanda
544 1170 755 1212 deliberatio
772 1169 1002 1223 capitularis
1027 1165 1138 1216 super
1153 1164 1325 1204 erefiione
1340 1173 1440 1200 nova

150 1222 281 1272 Maffae
295 1222 589 1272 distributionum
607 1252 619 1271 ,
638 1226 706 1274 fis>
717 1230 835 1275 potius
864 1219 1120 1268 addendaefint
1132 1217 1354 1268 punfi‘aturae
1376 1223 1440 1261 pro

105 1301 108 1303 Δ
155 1276 370 1314 recitatione
399 1276 523 1325 Officii
536 1280 645 1325 parvi
676 1280 797 1316 Beatae
812 1278 978 1325 Virginis
993 1294 1007 1315 ‚
1036 1271 1187 1321 aliisque
1197 1266 1442 1317 sunfiionibus

159 1330 333 1366 contentis
348 1330 387 1364 in
398 1329 555 1366 Decreta
569 1331 654 1367 Rffu·
668 1327 861 1380 Episcopi?
1142 1327 1143 1330 ’

52 1378 109 1419 ΙΙ.
179 1380 249 1419 An
262 1381 308 1416 de
322 1392 416 1418 nova
429 1379 552 1428 Maffa
574 1386 793 1432 participare
807 1382 959 1419 debeant
990 1377 1160 1415 Canonioi
1175 1369 1408 1425 Coadjutores
1420 1367 1444 1412 εἴ

153 1431 193 1472 &
209 1439 409 1481 quatenus
427 1432 619 1481 negative
638 1464 648 1473 .

54 1483 130 1524 111.
185 1483 261 1521 An
288 1495 334 1520 ex
341 1483 484 1532 summa
500 1486 666 1535 affignata
686 1495 752 1536 pro
767 1499 860 1525 nova
878 1482 1000 1532 Maffa
1017 1481 1091 1528 sint
1106 1476 1330 1517 detrahenda
1352 1473 1441 1521 scu-

157 1545 196 1573 ta
215 1549 327 1574 1000.
359 1546 504 1575 monetae
520 1537 721 1588 Melitensis
735 1564 747 1583 ‚
776 1539 911 1587 illaque
943 1532 1156 1584 applicanda
1185 1534 1223 1569 in
1237 1529 1439 1569 ereffionem

157 1590 281 1626 decem
293 1588 574 1628 Canania-amum
584 1591 884 1639 secundariorum
903 1614 916 1634 ,
939 1588 980 1624 in
997 1585 1080 1634 casu
1095 1586 1168 1628 &c.

160 1742 304 1782 Dilata
323 1767 338 1787 ‚
368 1744 406 1782 Sc
431 1728 633 1782 scribatur‘
661 1725 860 1794 Episcopo
887 1746 1003 1791 juxta
1032 1736 1367 1779 instructionem,
1396 1735 1436 1773 Sc

213 1795 367 1834 dentur
385 1806 490 1834 nova
506 1794 641 1837 Dubia
659 1823 670 1834 .

46 2066 49 2069 ⁴
162 2055 469 2116 RBINATEN.
512 2057 924 2100 CAPPELLANIAE
950 2088 961 2099 .
1017 2058 1187 2108 Ioannes
1211 2051 1263 2092 de
1281 2047 1434 2091 Sanctis
1465 2045 1633 2096 &ss-25·
1652 2052 1773 2096 cap.9.

175 2108 346 2168 Urbim-S
364 2111 405 2148 in
422 2109 683 2153 Testamento
698 2138 710 2157 ‚
744 2111 850 2163 quod
866 2110 1055 2153 condidit
1070 2123 1174 2150 anno
1197 2109 1308 2152 1690·
1325 2129 1339 2150 5
1353 2105 1436 2142 hae-
1465 2101 1511 2141 de
1534 2096 1695 2147 Refhrm·

106 2161 249 2220 reden}
266 2162 536 2220 universalem
564 2164 739 2204 instituit
767 2164 999 2204 Antonium
1015 2162 1167 2202 Filium
1180 2160 1296 2199 suum
1311 2181 1325 2203 ,
1354 2166 1435 2206 quo

102 2215 184 2254 fine
199 2214 314 2273 Finis
329 2213 562 2273 decedente
575 2240 590 2260 ‚
619 2216 722 2266 erigi
735 2215 848 2262 juffit
870 2215 1182 2267 Cappellaniam
1196 2210 1435 2262 Jurispatro-

107 2273 228 2306 natus
239 2265 447 2312 Laicalis.‚
482 2268 544 2308 his
559 2269 693 2309 verbis
721 2282 749 2305 ε.-
775 2266 915 2308 Allora
928 2295 942 2315 ,
970 2269 1017 2306 ed
1032 2270 1070 2305 in
1086 2267 1141 2305 ta}
1155 2264 1231 2314 caso
1247 2263 1282 2311 st
1293 2261 1406 2299 debha
1419 2282 1436 2304 a

106 2331 169 2357 con
181 2327 278 2357 tutta
292 2318 406 2367 lasua
421 2318 579 2359 Ereditd
594 2345 608 2366 ,
624 2321 744 2370 senza
761 2333 899 2360 veruna
911 2322 1162 2365 diminuzione
1177 2342 1191 2363 ,
1227 2316 1362 2362 erigere
1377 2335 1391 2356 2
1414 2321 1436 2347 θ

102 2370 257 2418 fondare
274 2384 345 2409 una
362 2370 596 2421 cappellania
611 2374 707 2412 nella
722 2373 815 2412 Ven.
832 2373 960 2422 Chiesa
983 2370 1081 2411 delle
1095 2369 1182 2409 RR.
1199 2366 1378 2406 Monache
1394 2362 1438 2400 di

110 2424 158 2462 S.
174 2424 303 2461 Maria
317 2423 545 2463 Maddalena
558 2426 768 2464 Convertite
787 2426 826 2462 di
841 2426 959 2476 questa
974 2425 1073 2462 Cittd
1086 2448 1100 2468 ‚
1126 2420 1165 2461 a!
1181 2422 1278 2460 Ven.
1295 2417 1436 2457 Altare

109 2476 149 2511 di
164 2477 204 2512 S.
219 2474 414 2525 Francesco
433 2478 593 2515 Saverio
610 2477 725 2527 ‚fitto
735 2476 765 2514 il
777 2477 895 2522 titolo,
909 2477 955 2515 ed
968 2477 1204 2519 invocazione
1218 2473 1260 2510 ds·
1274 2467 1435 2511 &Fran-

110 2526 204 2574 cesco
218 2527 375 2566 Saverio
393 2540 403 2566 ε
430 2529 628 2578 coll'ohligo
643 2530 682 2568 al
696 2528 904 2577 cappellano
915 2529 957 2567 di
972 2525 1043 2577 effa
1059 2553 1072 2573 ,
1092 2528 1156 2565 che
1162 2525 1252 2575 sard
1262 2533 1329 2575 per
1341 2531 1433 2559 tem·-

105 2587 149 2626 po
163 2601 176 2621 ,
202 2577 243 2614 di
256 2579 435 2618 celebrare
451 2607 463 2625 ‚
480 2595 497 2618 o
510 2582 568 2625 far
584 2582 768 2620 celebrare
781 2580 818 2617 al
832 2581 1015 2629 medefimo
1029 2578 1175 2618 Altare
1188 2589 1259 2616 una
1273 2572 1431 2622 Meffaeo

108 2634 198 2667 tutti
212 2629 367 2678 ligiorm'
383 2634 423 2670 di
438 2635 635 2672 Domenica
651 2633 740 2672 dell’
758 2646 847 2671 anno
864 2662 874 2672 .
908 2630 1012 2682 Qal
1039 2628 1206 2681 Cappa-lla
1217 2629 1330 2671 debba
1344 2623 1434 2674 effe-

108 2694 149 2720 'se
167 2707 179 2727 ‚
204 2695 223 2718 e
241 2683 346 2720 vuole
360 2707 374 2726 2
405 2686 467 2724 che
474 2687 530 2738 fia
548 2685 815 2737 Juspadronato
829 2684 890 2723 del
895 2685 1043 2733 sudem
1054 2685 1190 2734 δίχουν
1214 2679 1325 2722 Panlo
1338 2677 1436 2716 An-

164 2734 261 2775 Tora.
280 2737 423 2776 XXXI.
839 2734 878 2777 D
894 2736 921 2776 d
965 2749 987 2775 2
1346 2732 1440 2768 3722
