1934 2954
1324 126 1391 162 161

68 178 166 217 uovi
193 175 501 225 Archiepiscopi
522 202 533 221 ‚
568 176 635 226 qui
666 176 817 224 pariter
849 172 1035 214 laudavit
1064 176 1302 222 propositam
1334 190 1392 216 re-

69 230 340 278 partitionem
359 254 372 273 ,
399 227 540 267 addito
557 228 684 267 solum
701 253 713 271 ‚
744 226 848 278 quod
865 224 1133 275 opportunius
1150 225 1256 265 foret
1274 254 1286 271 ‚
1318 229 1391 266 Ecs

71 281 194 322 clesrae
210 280 347 320 Filiali
362 279 399 319 S.
418 280 589 320 Andreae
606 279 800 330 affignare
816 291 989 319 annuam
1008 278 1205 316 summam
1237 288 1391 318 certam

71 333 317 372 ducatorum
347 332 640 384 quinquaginta
673 359 686 377 ‚
727 332 952 383 augendam
981 330 1103 380 usque
1144 329 1192 368 ad
1221 329 1391 369 ducatos

72 394 238 425 centum
273 385 311 424 in
328 386 415 424 casu
445 385 713 425 exuberantia:
742 384 975 429 redituum,
1001 391 1125 432 atquc
1141 383 1392 422 decernere.»

73 437 423 486 proportionatam
440 437 759 478 diminutionem
775 439 937 477 summae
968 435 1138 474 cuilibet
1165 434 1295 482 Operi
1319 434 1393 473 Pio

73 488 342 539 affignandam
361 515 373 533 ‚
405 491 431 528 fi
447 490 596 529 fruetus
610 490 827 541 aliquando
846 487 1068 538 contigerit
1081 487 1312 526 decrescere
1329 517 1337 526 .

29 541 288 585 Demandata
303 543 470 592 proinde
490 543 570 582 fuit
588 544 654 583 die
676 557 733 582 12.
749 543 851 588 Maii
870 554 980 588 1759.
1008 541 1125 585 hujus
1155 539 1292 578 Causae
1323 540 1396 579 de·-

75 594 244 644 striptio
259 595 298 634 in
316 595 432 633 Folio
453 625 461 634 .
493 597 545 635 Et
557 596 734 645 disputat
752 594 987 633 Advocatus
1003 592 1172 645 Joannes
1188 592 1394 631 Antonius

73 647 262 686 Gonzalo
278 672 291 690 ‚
318 647 397 686 suis
413 649 599 696 precibus
616 646 874 687 annuendum
894 645 968 684 effe
984 670 997 690 ,
1031 648 1144 690 juxta
1158 654 1302 683 votum
1320 644 1396 683 Ar-

71 698 347 753 ehiepiscopis
377 700 470 751 quia
488 701 528 740 in
546 700 704 749 Oppido
719 700 972 748 Valgagnoni
989 722 1002 741 ,
1032 698 1070 735 in
1097 709 1176 747 quo
1210 696 1394 735 Testator

73 751 305 790 taciendam
337 753 528 802 praecepit
557 752 879 792 distributionem
904 749 1078 788 Dotium
1104 773 1117 792 ,
1150 749 1314 798 exiguus
1343 750 1396 789 est

73 803 308 844 Puellarum
325 816 517 844 numerus
533 831 545 849 ‚
574 806 612 844 Sc
630 806 695 845 vix
716 817 792 844 una
809 828 821 847 ‚
849 803 916 842 vel
943 803 1072 841 altera
1094 801 1256 850 singulis
1285 801 1398 840 annis

75 855 238 906 nuptias
255 857 462 896 contrahit
482 857 713 906 spirituales
732 884 744 902 ,
775 864 844 895 aut
862 853 1111 903 temporales
1128 867 1142 892 ‚·
1173 853 1293 903 idque
1312 866 1400 902 pro-

72 908 159 947 bari
177 917 363 947 autumat
383 908 632 949 Testimonio
648 908 816 949 Parochi
831 932 844 952 ,
877 907 945 959 qui
964 905 1211 954 caeteroquin
1229 914 1366 945 narrat
1385 932 1398 950 ,

72 962 121 999 ab
137 973 241 1000 anno
263 967 375 1006 1738.
393 986 406 1005 ‚
436 975 515 1013 quo
531 961 699 1002 deceffit
715 962 854 1001 Haeres
867 967 1033 1010 gravata
1051 983 1066 1001 ,
1095 958 1216 1008 usque
1247 957 1296 995 ad
1326 969 1399 996 an·-

72 1024 170 1052 num
193 1017 307 1059 1760.
322 1040 335 1059 ,
349 1014 507 1062 septem
522 1014 683 1054 Puellas
702 1013 916 1062 Orphanas
932 1011 1062 1050 vitam
1079 1009 1397 1054 monasticam‚&

72 1065 330 1115 septuaginta
343 1067 487 1105 statum
499 1067 754 1117 conjugalem
771 1063 991 1114 elegisse‚&
1011 1062 1133 1101 modo
1150 1063 1247 1101 alias
1259 1062 1400 1111 trigin-

71 1126 239 1156 taunam
257 1118 413 1158 nubiles
431 1118 560 1159 adeffe
578 1144 590 1163 ‚
623 1128 767 1168 praeter
783 1117 880 1156 alias
897 1115 1046 1165 viginti
1071 1126 1150 1153 non
1166 1114 1399 1164 Orphanas‚

70 1168 141 1207 sed
160 1180 385 1220 pauperes,·
415 1173 452 1212 Sc
485 1171 577 1211 ideo
594 1198 605 1216 ‚
640 1184 733 1210 cum
762 1170 924 1208 illarum
948 1166 1152 1206 dotationi
1182 1167 1402 1206 exuberent

69 1220 225 1260 fruc‘tus
243 1222 299 1271 pii
317 1223 472 1273 legati,
500 1235 655 1273 aequum
673 1231 792 1271 putat
812 1221 968 1260 Orator
985 1219 1159 1257 Dotium
1187 1220 1396 1268 quantita·-

72 1282 161 1313 tem
177 1285 326 1323 augere
340 1299 352 1319 ‚
387 1276 558 1327 aliisque
574 1276 650 1322 piis
665 1274 852 1322 operibus
882 1273 1018 1323 aliqua
1048 1271 1226 1310 uberiori
1244 1274 1398 1319 praesta-

69 1325 186 1365 tione
212 1326 425 1367 consulere
441 1353 452 1372 ‚
484 1337 528 1366 ut
561 1327 740 1375 superius
767 1325 923 1363 dietum
952 1324 1030 1361 est:
1063 1323 1229 1361 subdens
1247 1348 1259 1366 ‚
1291 1322 1398 1373 quod

45 1399 48 1401 Δ
70 1376 154 1427 ipse
173 1378 360 1417 Testator
373 1392 419 1419 ea
436 1378 719 1429 praeseripfiffet
735 1405 747 1422 ‚
776 1378 802 1415 fi
821 1377 926 1415 vires
942 1376 1018 1412 suae
1033 1373 1299 1413 Haereditatis
1318 1387 1398 1413 non

71 1427 288 1479 ignorasset
307 1455 320 1474 ‚
353 1431 698 1482 quemadmodum
718 1430 808 1469 illas
828 1425 1022 1477 ignorasse
1054 1425 1211 1465 eruitur
1242 1438 1288 1466 ex
1303 1427 1400 1465 duo-

72 1485 148 1521 bus
172 1481 432 1532 aliislegatis
461 1483 614 1523 relictis
643 1483 710 1522 sub
739 1480 977 1520 conditione
997 1503 1009 1522 ‚
1039 1479 1184 1517 fivires
1210 1479 1401 1527 suppete-

73 1540 167 1574 rent
185 1563 196 1574 .
228 1533 280 1572 Et
300 1534 457 1584 insuper
473 1536 644 1585 postulat
662 1535 729 1572 fibi
749 1532 933 1582 affigunt-i
952 1530 1153 1570 Salarium
1183 1541 1254 1579 pro
1271 1531 1400 1570 susce·-

73 1595 153 1636 ptae
173 1585 548 1626 Administrationis
570 1587 775 1626 laboribus
796 1614 805 1624 .

127 1637 416 1678 Definiendum
433 1640 573 1690 itaque
590 1640 671 1678 erit
689 1639 735 1677 ab
750 1637 829 1676 EE.
846 1629 938 1676 VV.

30 1691 67 1730 1.
118 1691 187 1730 An
199 1692 412 1730 Dotationes
429 1694 587 1742 Operum
603 1694 752 1730 Piorum
769 1704 789 1727 a
808 1691 935 1740 quond.
952 1690 1060 1726 Petro
1077 1687 1245 1729 Gonz,alo
1263 1687 1324 1724 del
1335 1689 1404 1725 Rio

132 1742 335 1794 relifi‘orum
342 1745 415 1792 sint
429 1745 597 1792 augendae
614 1769 626 1788 ,
655 1745 698 1786 (ἔγ
711 1743 961 1790 repartiendae,
973 1738 1090 1793 juxta
1107 1739 1314 1777 relationem
1328 1742 1405 1778 Or-

131 1795 271 1831 dinarii
280 1797 436 1843 Burgen.
455 1795 475 1831 ἃ
999 1824 1002 1827 .

27 1843 81 1885 II.
109 1845 182 1882 An
198 1871 211 1889 ‚
229 1849 271 1889 ’ξφ
283 1848 323 1883 in
338 1859 407 1895 qua
416 1846 556 1893 summa
577 1844 712 1893 ‘Joanni
725 1845 892 1882 Antonio
909 1841 1092 1885 Gonzfllffi
1114 1844 1157 1885 ὠ*
1171 1844 1254 1879 Soto
1267 1843 1408 1880 Admi-

129 1898 364 1950 nistratoristt
379 1898 616 1947 affignandum
634 1897 825 1937 Salarium
839 1920 851 1941 ‚
868 1897 907 1931 in
920 1894 1002 1946 casu
1021 1896 1097 1937 &a

18 2102 22 2122 ''
85 2135 90 2141 ,
127 2105 357 2156 DJACEN.
390 2105 898 2147 DISTRIBUTIONUM
913 2136 922 2146 .
979 2106 1035 2144 Ex
1057 2105 1397 2157 quatuordecim-2
1432 2107 1526 2154 Sess.
1544 2118 1603 2154 24.
1621 2116 1768 2158 capum.

138 2158 356 2199 Canonicis
371 2159 554 2201 Ecclefiae
568 2159 830 2198 Cathedralis
846 2158 1078 2204 Adjacenfis
1095 2184 1108 2203 ,
1139 2169 1289 2197 novem
1305 2159 1396 2196 sunt
1433 2161 1478 2197 de
1490 2159 1647 2206 Reform.

74 2209 212 2250 liberae
227 2213 462 2251 collationis
480 2237 492 2255 ‚
507 2211 650 2260 quibus
663 2211 951 2250 commendata
968 2212 1020 2250 est
1048 2220 1142 2250 cura
1158 2235 1171 2254 ‚
1205 2211 1243 2250 ὃς
1272 2209 1399 2248 admi-

75 2263 260 2303 nistratio
274 2264 449 2304 duorum
462 2263 788 2302 Canonicatuum
806 2263 1151 2313 Jurispatronatus
1167 2261 1400 2312 quondam.»

72 2313 191 2354 Petri
202 2315 401 2356 Bastelicae
417 2315 574 2356 deMau
583 2317 695 2355 riano
710 2346 719 2354 .
736 2315 840 2354 Cum
859 2325 1034 2354 autema
1049 2314 1221 2364 quadam
1234 2314 1400 2362 Episco-

71 2366 359 2415 piAdjacenfis
388 2369 590 2408 sententia
603 2367 844 2417 respiciente
870 2367 938 2406 dd.
956 2366 1230 2406 Canonicatus
1258 2365 1399 2405 funda-

73 2417 199 2458 tionis
214 2419 432 2464 Bastelicae‚
447 2421 756 2460 succumbentes
768 2417 1035 2469 appellassent
1051 2419 1101 2457 ad
1116 2418 1219 2458 A.C.
1237 2431 1251 2458 ‚·
1271 2417 1399 2457 iidem

73 2469 273 2527 Canonici
286 2473 419 2512 liberae
434 2472 671 2511 collationis
691 2471 731 2510 in
747 2471 875 2510 Causa
892 2472 1099 2515 Victores,
1115 2470 1182 2510 die
1200 2470 1401 2513 30.O&o-

65 2521 152 2561 bris
185 2530 295 2571 1758.
328 2524 617 2574 capitulariter
647 2522 884 2572 congregati
901 2547 914 2566 ,
937 2522 1176 2561 mandatum
1203 2524 1253 2561 ad
1282 2522 1396 2560 Lites

68 2571 278 2632 dederunt
291 2576 503 2616 Sacerdoti
538 2575 701 2626 Ignatio
719 2575 903 2629 Antonio
916 2574 1109 2614 Cervotti
1129 2575 1264 2614 Romae
1290 2586 1401 2613 com-⁴

68 2634 253 2665 moranti·
275 2632 311 2669 ‚³
333 2641 430 2668 cum
457 2628 659 2668 facultate
687 2625 950 2668 substituendi
980 2626 1294 2668 Procuratorem
1323 2638 1398 2675 pro

61 2674 194 2715 Causa
209 2677 325 2717 diecae
339 2680 630 2734 appellationis
642 2678 918 2733 prosequenda
933 2691 943 2717 :
961 2691 1082 2731 quem
1099 2688 1238 2721 tamen
1253 2679 1391 2717 astum

119 2728 366 2772 Tom.XXXI.
855 2729 893 2770 X
1256 2732 1394 2780 exple-
