1934 2954
517 155 541 181 0

487 156 614 244 {tque
632 195 852 241 perventus
870 189 921 232 ad
938 188 1175 238 legitimam
1190 195 1353 228 aetatem
1371 189 1514 229 Sacros
1531 214 1545 234 .
1573 188 1703 228 etiarn
1723 183 1865 241 Pressf

484 249 700 296 hyteratus
717 270 730 289 ‚
760 242 942 285 Ordines
974 241 1150 291 suscepit
1178 241 1307 281 titulo
1324 241 1537 290 Religiofie
1555 240 1834 291 paupertatiss‘

488 301 529 341 ὃς
556 299 638 348 post
658 296 870 338 emensum
895 295 1118 334 studiorum
1149 295 1312 334 cursum
1343 293 1606 337 Baccalaurei
1622 295 1837 335 Gratiam„

484 366 507 394 a
525 350 806 401 Superioribus
824 348 997 387 Ordinis
1014 349 1067 386 est
1084 346 1317 399 assequutus
1338 377 1347 386 .
1369 347 1512 395 Nuper
1531 358 1673 389 autem
1690 358 1836 397 preces

452 418 455 421 ·
481 403 644 444 ‘obtulit
661 402 757 441 huic
775 401 902 441 Sacrae
918 399 1275 450 congregationi,
1292 401 1330 440 ὃ(
1352 408 1511 439 narrata
1527 401 1602 441 suae
1617 399 1832 450 profeffio-

486 458 550 498 nis
568 457 767 496 nullitate
783 456 833 493 ob
850 452 1058 494 defectum
1075 455 1291 494 consensus
1310 480 1323 498 ‚
1339 453 1555 502 postulavit
1571 478 1588 497 ,
1605 463 1652 495 ut
1669 454 1709 494 in
1726 454 1836 493 inte-

486 521 608 561 grum
632 508 916 548 restitueretur
944 506 1135 546 adversus
1164 509 1320 557 lapsum
1349 505 1620 556 ‘quinquennii
1645 507 1694 548 ad
1710 506 1839 546 nulii-

489 562 594 602 tatis
625 562 836 613 querelam
876 561 1200 608 promovendam
1240 558 1381 602 statuti
1415 572 1443 597 a
1477 557 1599 600 Sacro
1644 557 1836 608 Concilio

484 613 741 658 Tridentino
774 624 920 664 cap.19.
945 613 1110 663 sess.25.
1127 616 1173 654 de
1187 614 1361 662 Regulam
1390 611 1586 651 Mandata
1612 610 1738 661 igitur
1752 609 1837 650 fuit

490 668 720 716 jurisdictio
739 665 1070 709 Eminentiffimo
1095 667 1144 706 D.
1162 665 1374 707 Cardinali
1401 664 1726 713 Archiepiscopo
1741 662 1835 705 Me-

491 721 713 761 diolanenfi
730 746 742 765 ‚
787 729 831 760 ut
856 720 971 757 fimul
997 731 1090 758 cum
1125 720 1341 768 Superiore
1375 717 1567 768 Regulari
1593 715 1839 766 procederet

491 775 542 813 ad
559 774 901 820 compilationem
918 769 1124 810 Proceffus
1139 772 1435 823 afferendarum
1454 767 1842 819 probationum‚ser-

491 834 589 866 vata
602 826 734 862 forma
751 822 968 861 notiffimae
986 824 1300 864 Constitutionis
1322 829 1366 863 Si
1384 827 1508 862 datam
1522 838 1588 872 47.
1607 835 1735 866 toran.
1749 821 1831 860 sah.

495 889 623 916 mem.
644 874 856 914 Benedit‘ti
878 874 991 914 XIV.
1007 890 1022 916 3
1052 877 1090 916 ἃ
1105 879 1243 916 omnia
1259 879 1340 917 rite
1357 878 1584 928 adimpleta
1601 877 1693 915 sunt
1713 907 1722 916 .
1874 911 1882 915 ,

440 929 571 971 Causa
587 940 692 967 nunc
709 928 954 977 proponitur
966 942 981 968 3
1012 930 1049 968 Β(
1067 929 1249 979 disputat
1270 931 1391 970 Pater
1409 930 1590 979 Ignatius
1606 929 1741 969 Maria
1757 929 1840 969 Go-

493 981 612 1028 rani,
646 981 760 1024 suum
778 978 1252 1023 diffensumProfeffioni
1280 983 1497 1023 evidenter
1515 982 1675 1031 probari
1703 994 1750 1022 ex
1767 994 1842 1022 an-

492 1033 802 1079 tecedentibus,
816 1034 1210 1080 concomitantibus,
1228 1037 1265 1076 0&
1282 1035 1612 1085 subsequentibus
1627 1065 1636 1073 .
1650 1034 1841 1084 Qatuor

497 1087 609 1128 enim
628 1085 766 1126 Testes
783 1110 796 1130 ‚
824 1099 995 1137 quorum
1023 1087 1104 1128 duo
1135 1088 1214 1131 rite
1245 1087 1412 1129 fuerunt
1432 1087 1674 1137 interrogati
1691 1086 1843 1131 „affir-
1880 1128 1884 1129 ⁷

495 1149 612 1182 mant
636 1164 650 1185 ‚
697 1140 927 1180 Oratorem
954 1153 1103 1182 nomen
1134 1141 1251 1181 suum
1281 1140 1434 1181 Ordini
1463 1139 1843 1183 Conventualiunu

495 1191 649 1233 dedisse
664 1205 787 1243 opera
802 1195 871 1237 s&
886 1195 1017 1234 studio
1032 1193 1074 1233 P.
1087 1193 1435 1245 Augustinifflrim
1452 1192 1633 1238 ejusdem
1651 1191 1843 1237 instituti,
1880 1229 1894 1237 ,

464 1281 466 1287 ,
497 1246 570 1298 qui
587 1255 687 1285 tunc
706 1245 1064 1299 OfficioMagistri
1081 1245 1352 1288 Professorum
1383 1246 1422 1287 in
1439 1245 1657 1285 Conventu
1675 1245 1843 1285 Medio-

497 1300 650 1340 lanenfi
667 1297 912 1348 fungebatur
927 1316 942 1344 ,-
973 1302 1011 1341 δε
1028 1300 1089 1339 his
1107 1301 1273 1341 additur
1292 1298 1373 1349 ipse
1391 1299 1586 1349 Magister
1600 1297 1720 1338 Prina
1733 1325 1747 1344 ι
1772 1297 1842 1349 qui
1883 1325 1888 1329 ·

497 1351 605 1390 licet
620 1350 846 1392 adhibitam
865 1366 886 1390 a
904 1354 944 1393 se
962 1366 1101 1393 curam
1116 1354 1343 1394 dissimulet
1363 1379 1377 1397 ‚
1403 1351 1558 1392 fatetur
1574 1360 1714 1391 tamen
1729 1351 1845 1391 suam

501 1403 740 1454 opinionem
760 1429 773 1448 a
805 1403 913 1454 quod
932 1406 1090 1445 Orator
1119 1407 1268 1447 alienis
1285 1406 1414 1456 magis
1435 1405 1674 1447 suafionibus
1695 1403 1842 1443 incita-

500 1466 570 1498 tus
586 1483 598 1503 ,
617 1458 737 1508 quam
755 1458 915 1507 propria
930 1459 1149 1500 voluntate
1170 1461 1355 1500 habitum
1372 1458 1595 1507 susceperit
1613 1487 1622 1495 .
1656 1456 1740 1507 ipsa
1757 1456 1843 1499 die,

505 1521 584 1561 qua
600 1510 786 1555 habitum
802 1510 975 1561 suscepit
992 1537 1004 1557 ‚
1043 1512 1200 1562 Orator
1219 1513 1424 1562 pristinam
1443 1510 1702 1550 bilaritatem
1721 1507 1847 1557 depo-

503 1562 586 1609 suit
604 1588 616 1608 ,
635 1561 913 1613 profundaque
930 1562 1289 1605 mestitiaiaffestus
1307 1566 1360 1605 est
1378 1589 1392 1608 ‚
1423 1573 1467 1605 ut
1497 1571 1632 1602 narrat
1649 1561 1843 1611 Magister

496 1614 628 1656 =Prina
644 1640 657 1659 2
672 1626 765 1656 cum
783 1628 861 1666 quo
878 1617 1128 1657 conveniunt
1145 1618 1226 1658 duo
1241 1617 1396 1663 Testes,
1417 1628 1590 1667 quorum
1605 1615 1710 1654 alter
1729 1613 1849 1653 audi-

503 1665 602 1706 visse
633 1668 802 1707 testatur
828 1668 1075 1709 defiderium
1104 1670 1297 1710 Oratoris
1329 1669 1522 1710 manendi
1552 1668 1594 1708 in
1609 1667 1745 1707 Domo
1769 1666 1845 1704 Pa-

505 1728 646 1759 terna.
673 1719 819 1759 Crevit
837 1722 1014 1771 mestitia
1033 1722 1253 1771 Tyrocinii
1270 1732 1474 1771 tempore,
1492 1721 1594 1761 licet
1615 1720 1843 1759 Oratorem

504 1772 657 1815 affidue
675 1772 986 1812 consolarentur
1005 1774 1187 1823 Magistri
1204 1775 1477 1816 Novitiorum
1498 1799 1510 1817 ,
1528 1774 1566 1812 δε
1584 1771 1628 1814 Ρ,
1646 1772 1782 1814 Prima,
1799 1783 1844 1810 ac

504 1831 622 1863 tanta
653 1836 748 1862 cum
776 1836 825 1863 eo
856 1824 1120 1866 adhiberetur
1137 1826 1420 1876 indulgentia,
1453 1834 1498 1867 ut
1529 1825 1632 1866 alios
1647 1824 1845 1863 Novitios

505 1876 680 1916 traxerit
701 1876 741 1916 in
759 1875 959 1916 invidiam
971 1893 985 1919 ,-
1001 1880 1282 1930 constantique
1299 1878 1482 1929 mestitiae
1499 1888 1704 1926 teporem,
1722 1879 1857 1927 atque‘

504 1928 805 1979 negligentiam
833 1931 1036 1970 acceffiffe.
1060 1929 1245 1970 referunt
1269 1941 1443 1983 quatuor
1458 1931 1613 1974 Testes,
1629 1930 1724 1974 inde
1741 1927 1844 1969 infe-

505 1991 645 2022 rentes
662 1983 847 2023 aversum
873 1995 894 2022 a
914 1983 1145 2033 profitendo
1162 1984 1355 2025 Oratoris
1373 1984 1557 2024 animum
1569 1997 1584 2024 ,-
1609 1995 1684 2022 nec
1700 1980 1844 2022 defue-

508 2044 604 2075 runt
620 2036 745 2075 verba
758 2060 771 2079 .,
801 2049 884 2085 quae
900 2036 1179 2086 refugientem
1197 2050 1218 2076 a
1235 2037 1450 2087 Religione
1467 2037 1651 2075 animum
1667 2030 1841 2085 expresse

506 2086 729 2136 proderent
748 2114 760 2134 ,
774 2090 887 2134 juxta
903 2088 1076 2128 duorum
1093 2089 1371 2132 testimonium
1386 2117 1398 2136 ‚
1426 2101 1598 2141 quorum
1615 2087 1844 2135 alter‚licct

511 2139 746 2179 dubitative
763 2168 775 2186 ‚
807 2139 943 2180 asserit
961 2142 1138 2191 petitam
1155 2144 1202 2182 ab
1220 2143 1402 2182 Oratore
1418 2140 1532 2182 fuiss'e
1553 2142 1716 2183 veniam
1731 2138 1841 2178 dese-

513 2191 630 2232 rendi
648 2192 880 2241 susceptum
898 2194 1127 2234 institutum
1145 2207 1154 2232 ε
1179 2195 1285 2234 alter
1305 2197 1510 2244 lacrymas
1530 2194 1656 2234 refert
1669 2220 1682 2239 ,
1697 2194 1734 2232 Sc
1750 2203 1843 2230 con-

507 2247 682 2285 stantem
715 2245 827 2284 illius
855 2248 1120 2286 voluntatem
1153 2248 1192 2285 in
1219 2249 1336 2287 noste
1354 2246 1644 2289 Profeffionem
1674 2253 1841 2284 antece·-

510 2298 627 2337 denti
644 2297 855 2346 panditam
873 2299 1063 2348 Magistro
1081 2299 1350 2340 Novitiorum
1368 2327 1380 2347 ,
1406 2302 1443 2340 ἃ
1462 2298 1707 2339 Confeffario
1726 2321 1738 2340 ‚
1770 2299 1842 2335 Che

509 2364 576 2389 non
585 2351 773 2400 fisentiva
801 2351 933 2398 difare
946 2351 983 2388 la
996 2350 1030 2388 F
1032 2355 1202 2402 rofcffione
1217 2377 1229 2396 ‚
1259 2368 1276 2390 e
1285 2355 1467 2402 prendere
1481 2354 1593 2403 questo
1605 2351 1684 2400 peso
1703 2350 1837 2387 della„
1925 2388 1927 2391 ,

507 2403 699 2494 ξεῐὲἕὶοηε
730 2415 741 2446 ,ε
759 2443 764 2445 c
789 2403 895 2454 quod
926 2403 1058 2446 etiam
1083 2405 1188 2448 alius
1219 2406 1403 2447 recense-t
1431 2407 1481 2449 fle
1512 2403 1654 2446 auditu
1689 2404 1736 2442 ab
1766 2405 1841 2442 hoc
1886 2409 1887 2413 ’
1926 2408 1928 2410 ’

551 2469 572 2495 e
607 2469 629 2496 e
648 2487 658 2497 .
695 2490 697 2493 .

456 2506 536 2546 Die
551 2518 693 2549 autem
711 2510 957 2550 emittendae-
971 2510 1231 2554 Profeffionis
1258 2514 1411 2555 iterum
1429 2509 1657 2553 declaravit
1686 2509 1841 2548 Orator

506 2559 624 2616 suum
638 2562 850 2604 dissensum
862 2578 1004 2605 -coram
1018 2564 1300 2610 Provinciam,
1318 2566 1387 2616 qui
1405 2561 1589 2603 inducias
1608 2562 1842 2612 aliquorum

506 2611 667 2651 dierum
684 2616 880 2659 conceffit
900 2618 948 2658 ad
959 2617 1286 2664 deliberandum,
1301 2618 1370 2658 sed
1384 2623 1544 2658 mutato
1562 2616 1842 2660 confilio,mox

511 2662 737 2706 Oratorem
754 2669 992 2719 alloquutus
1011 2671 1063 2709 est
1077 2671 1140 2709 his
1160 2671 1294 2711 verbis
1323 2685 1351 2706 =
1380 2671 1441 2708 Oh
1457 2666 1637 2715 figliuolo
1656 2695 1668 2713 ,
1685 2667 1842 2707 volem-³

502 2715 612 2767 sarla
625 2742 638 2763 ‚
655 2730 670 2754 ο
684 2731 751 2755 zeon
767 2721 884 2760 volere
892 2721 996 2767 farla
1010 2722 1130 2772 questa
1143 2722 1349 2771 Profcffi'me
1357 2719 1378 2770 Β
1393 2724 1450 2761 Se
1466 2719 1709 2768 voleteferla‚
1719 2719 1842 2769 satela

508 2802 526 2810 ..
564 2817 572 2821 .
1117 2812 1126 2816 ν
1548 2811 1550 2816 ,
1714 2773 1832 2824 questa

1870 237 1897 245 Δ.
