1934 2954
509 169 699 248 lissgllum
715 229 726 249 ,
744 217 823 255 quo
839 201 1088 253 postulabant
1106 228 1117 249 ‚
1134 212 1182 244 ut
1199 210 1311 242 certa
1335 202 1651 242 constitueretur
1669 201 1856 241 eleemo-
1878 209 1899 255 j·

510 259 609 307 syna
625 258 771 296 scut.8.
789 270 861 305 pro
875 258 1068 297 consueta
1087 255 1317 295 officiatnra
1333 267 1343 293 ε
1360 257 1397 295 8<
1419 255 1688 294 Provincialis
1705 255 1853 293 rescri-
1893 265 1901 273 ·

514 311 588 362 psit
602 325 629 347 =
654 309 833 350 Attentis
851 312 1012 360 exposttis
1030 336 1042 354 ,
1072 323 1150 347 cum
1164 309 1334 357 obligatio
1354 311 1510 349 duarum
1521 308 1716 356 Miffarum
1731 307 1858 361 cujus-

515 376 666 412 cumque
685 362 816 414 Menfis
834 364 884 412 stt
912 365 960 400 ad
982 363 1226 412 praescriptum
1245 363 1328 400 sac.
1348 362 1536 410 constitut.
1571 363 1706 399 vrzssan.
1725 388 1738 406 ‚
1766 362 1855 399 Nos

513 417 730 466 ,amaritate
747 415 1358 465 Provincialatm,quafungimur,
1373 416 1543 458 dicimus,
1563 418 1606 458 &⁶
1620 416 1852 460 mandamns,

514 469 610 524 quod
621 469 702 507 PP.
720 473 759 505 in
773 469 948 518 posterum
963 470 1157 517 nonpoffint
1168 477 1291 516 petere
1308 465 1477 519 majorem
1482 467 1662 515 summam
1673 470 1851 516 pecunia-

513 534 595 559 rum
615 529 682 570 pro
692 520 907 571 supradifiia
922 521 1135 570 obligatione
1151 546 1163 565 ‚
1191 534 1296 571 quam
1309 523 1378 557 ocio
1384 520 1575 568 scutorum
1592 546 1604 564 ‚
1627 530 1733 569 prout
1736 521 1853 569 fitpra

514 583 704 616 narratum
721 575 769 624 est
783 590 810 610 :
828 588 843 615 ,-
857 575 895 613 δι’
913 573 1007 615 ideo
1024 576 1186 622 piltant,
1203 573 1344 622 vigore
1366 573 1484 618 huius
1499 571 1686 621 rescripti
1698 585 1855 623 nequa·

516 637 637 676 quam
653 626 914 675 applicandas
930 623 1008 665 esse
1024 624 1159 664 Missas
1176 638 1246 674 pro
1259 623 1541 668 Confratribus
1560 648 1574 666 ,
1593 627 1684 662 cnm
1703 625 1858 675 adfor-

509 689 622 723 marn
637 677 989 720 Constitutionum
1006 677 1260 718 Urbanarum
1279 677 1450 718 Ordinis
1482 685 1598 726 cap‚3.
1613 681 1716 723 tit.7.
1732 690 1858 723 n.1‚1.,

512 733 558 775 ὠ·
588 743 650 772 13.
679 756 692 776 ,
734 731 832 770 bina:
863 729 990 769 Miffae
1012 739 1185 771 cantatae
1228 730 1425 779 applicari
1457 728 1634 768 debeant
1667 729 1857 780 quolibet

512 783 650 822 mense
673 795 745 832 pro
761 783 975 833 Religiofis
993 809 1004 829 ,
1035 784 1073 823 Sc
1102 782 1434 822 Benefaftoribus
1450 780 1680 827 defunffis,
1708 793 1755 821 ac
1785 792 1859 829 pro

514 835 747 876 Fundatore
763 836 1003 876 Conventus
1020 865 1030 875 .
1061 835 1148 877 Post
1165 835 1480 878 Instrumentum
1497 843 1639 874 autem
1668 846 1746 873 non
1765 845 1861 873 con-

511 889 615 930 stat,
657 885 775 926 fuisse
803 900 983 938 unquam
1012 886 1152 926 Missas
1185 887 1410 937 applicatas
1442 898 1513 935 pro
1544 886 1859 927 Confratribusi

512 938 645 977 immo
680 939 720 978 in
750 937 965 980 Miffarum
994 939 1169 981 Tabella
1200 939 1387 981 confet‘ta
1413 952 1518 980 anno
1548 944 1664 986 1696.
1691 948 1862 978 notatur

515 992 628 1031 libero
648 991 681 1028 il
692 993 890 1039 Sacrificio
908 992 1264 1041 controversarum
1294 992 1534 1031 Miffarum:
1564 992 1602 1031 85
1633 991 1672 1030 in
1690 990 1858 1031 fronte.»

513 1042 660 1087 Libri,
695 1043 736 1084 in
753 1056 832 1094 quo
844 1043 1078 1083 referuntur
1093 1045 1219 1082 onera
1235 1042 1449 1083 Missarum
1476 1045 1523 1083 ab
1536 1055 1641 1083 anno
1663 1057 1775 1091 1717.
1805 1042 1858 1082 ad

516 1105 671 1135 annum
701 1109 815 1142 1739.
846 1097 1151 1141 celebratarum
1178 1121 1191 1142 ‚
1234 1096 1386 1138 eadem
1413 1095 1539 1139 Missa:
1572 1095 1856 1136 describuntur

505 1147 625 1196 senza
640 1147 890 1197 applicazione
906 1178 917 1189 .

458 1199 542 1240 His
558 1209 699 1240 tamen
711 1200 965 1250 argumentis
979 1201 1151 1242 minime
1167 1202 1345 1242 adhaeret
1363 1202 1607 1243 Ordinarius
1626 1226 1639 1246 ‚
1669 1201 1739 1252 qui
1758 1213 1858 1241 cen·

509 1253 572 1293 set
591 1251 631 1291 in
649 1251 718 1294 sua
736 1253 940 1293 relatione
957 1279 972 1300 ,
999 1255 1107 1305 quod
1123 1255 1189 1294 illa
1211 1254 1467 1295 instrumenti
1487 1257 1597 1293 verba
1612 1270 1640 1291 =
1655 1255 1858 1298 celebrare,

507 1308 556 1351 (ἔγ
574 1314 722 1345 cantare
737 1320 765 1345 ζ
799 1307 975 1345 videntur
995 1308 1190 1355 intrinsece
1199 1309 1410 1357 praeseferre
1437 1308 1709 1359 applicationem
1723 1306 1858 1355 Miffa-

510 1368 620 1397 rum:
645 1357 836 1408 quodque
855 1372 976 1396 annua
994 1357 1142 1408 largitio
1158 1363 1256 1399 Cerae
1272 1361 1361 1401 alhae
1375 1385 1389 1406 ‚
1420 1375 1463 1399 ac
1489 1360 1702 1410 eleemosyna
1712 1359 1853 1407 scut.8.

509 1410 707 1460 ldaequant
722 1410 926 1458 consuetum
931 1411 1152 1461 stipendium
1167 1439 1180 1459 ‚
1210 1414 1305 1463 quod
1315 1418 1458 1462 erogari
1476 1413 1573 1460 solet
1596 1421 1660 1461 pro
1693 1412 1850 1460 discreto

508 1474 657 1506 numero
682 1461 882 1511 Miffarum
909 1462 1207 1512 applicandorum
1233 1479 1313 1503 cum
1331 1476 1439 1505 canta
1469 1465 1568 1512 infra
1596 1478 1732 1501 annum
1747 1477 1763 1503 5
1786 1462 1848 1501 Eo

509 1523 700 1564 tempore
714 1525 890 1566 namque
901 1517 1102 1557 manualis
1116 1518 1352 1566 elemosyna
1366 1517 1560 1556 consueta
1589 1524 1677 1555 erat
1695 1515 1735 1554 in
1752 1515 1854 1553 obu-

509 1567 564 1607 xis
580 1565 758 1617 quinque
777 1593 791 1613 ‚
821 1568 859 1607 &
892 1568 965 1607 illa
984 1568 1112 1611 Miffae
1137 1582 1232 1608 cum
1258 1579 1381 1609 cantu
1410 1570 1533 1619 usque
1573 1568 1622 1607 ad
1643 1570 1726 1606 haec
1745 1577 1851 1606 tem-

509 1631 609 1669 pora
625 1628 705 1661 non
723 1619 886 1659 excedit
906 1621 1048 1660 obulos
1065 1622 1213 1672 viginti
1227 1647 1241 1667 ‚
1272 1624 1385 1668 juxta
1412 1630 1553 1660 tavxam
1581 1621 1821 1669 synodalem
1834 1644 1851 1664 ‚

506 1670 843 1714 &testimonium
870 1681 1044 1723 quatuor
1059 1675 1357 1716 sacerdotum,
1388 1673 1557 1712 Sodales
1587 1685 1748 1724 quoque
1776 1673 1852 1711 de·-

507 1722 684 1763 {endunt
699 1747 712 1768 ‚
742 1736 842 1768 onus
866 1724 1154 1774 applicationis
1170 1727 1322 1767 nedum
1337 1725 1465 1765 tacite'
1481 1724 1776 1774 comprehendi
1808 1724 1852 1764 in

507 1776 692 1825 suscepta
718 1776 970 1825 obligatione
998 1779 1261 1824 celebrandi,
1290 1780 1329 1819 ὃς
1355 1778 1529 1818 canendi
1561 1775 1699 1816 Missas
1718 1803 1730 1822 ‚
1769 1774 1850 1814 Fa-

501 1842 614 1878 gnan.
645 1831 685 1865 in
713 1831 797 1877 Cap.
814 1829 1068 1878 Significatum
1096 1846 1262 1881 num.44.
1282 1834 1327 1869 de
1337 1833 1498 1881 praeben.
1520 1857 1533 1876 ‚
1563 1833 1607 1874 (ΞΥ
1624 1830 1710 1878 san.
1735 1842 1843 1868 mem.

507 1880 696 1921 Benedit'ii
722 1881 832 1919 XIV.
857 1882 902 1921 de
927 1883 1104 1930 Sacrific.
1139 1888 1246 1924 Mis.
1277 1883 1386 1926 mm.
1416 1894 1533 1933 cap.2.
1559 1896 1700 1921 numa.
1722 1906 1735 1925 ‚
1779 1880 1849 1921 sed

510 1932 640 1972 etiam
655 1932 838 1982 expresse
853 1933 985 1974 videri
1004 1934 1247 1987 assumptum
1275 1949 1297 1976 a
1322 1935 1677 1975 Conventualibus
1707 1933 1849 1972 inillis

510 1984 772 2023 Instrumenti
797 1987 929 2025 verbis
947 2013 960 2031 ‚
987 1989 1130 2037 quibus
1156 1991 1269 2028 teneri
1301 1989 1494 2027 voluerunt
1521 1989 1571 2026 ad
1596 1987 1849 2037 efficiendum-³

500 2039 630 2086 facere
642 2037 854 2077 oblationem
864 2039 1064 2087 consuetam
1075 2051 1141 2091 pro
1157 2044 1254 2080 ditia
1269 2043 1362 2081 Ven.
1380 2043 1408 2080 C
1411 2042 1688 2089 onfraternitate
1701 2038 1844 2078 diebus

507 2090 639 2131 etiam
655 2090 946 2130 solemniorum
966 2092 1248 2133 Festivitatum
1264 2119 1276 2137 ‚
1306 2094 1346 2132 in
1363 2095 1505 2144 quibus
1527 2091 1745 2142 dispensati
1760 2089 1849 2129 fue-

507 2150 604 2185 runt
629 2153 651 2180 a
667 2150 788 2200 cantii
806 2142 930 2187 Missa:
959 2144 998 2183 in
1011 2145 1228 2190 Altaribus
1246 2146 1461 2196 defignatis
1478 2160 1494 2188 ,·
1521 2143 1710 2196 quamvis
1734 2140 1846 2181 Con-

505 2195 724 2234 ventuales
769 2195 1039 2245 intelligenda
1073 2199 1263 2239 censeant
1295 2198 1455 2247 praefata
1487 2199 1611 2238 verba
1644 2197 1695 2236 de
1725 2194 1844 2233 obla-

508 2247 622 2287 tione
650 2248 1008 2296 eleemosynarum
1037 2275 1052 2294 ‚
1092 2251 1159 2292 seu
1185 2252 1235 2291 de
1266 2251 1538 2300 eleemosynis
1569 2262 1638 2300 per
1669 2244 1848 2303 Confra-

507 2308 612 2394 ffiess
623 2299 664 2338 in
692 2300 870 2343 Ecclesia
898 2302 1119 2353 quaerendis
1136 2330 1149 2351 ‚
1178 2317 1258 2349 ‚non
1287 2314 1430 2344 autem
1461 2303 1512 2344 de
1538 2301 1845 2354 applicationm
1892 2307 1901 2344 ζ

561 2365 574 2390 1
605 2365 718 2394 arum
738 2383 748 2394 .

454 2403 659 2447 Praeterea
675 2405 866 2447 differunt
884 2406 1121 2451 Confratres
1136 2437 1151 2457 ,
1184 2410 1357 2450 minime
1374 2407 1573 2450 verificari
1597 2404 1849 2445 insufficien-

505 2458 610 2499 tiam
625 2458 895 2508 eleemosynae
911 2484 926 2504 ‚
955 2462 1006 2499 ob
1022 2463 1104 2503 alia
1118 2475 1243 2503 onera
1257 2475 1280 2502 a
1296 2463 1482 2502 Patribus
1499 2458 1692 2500 recensita
1704 2472 1719 2500 ,¹
1745 2457 1850 2509 quia.

503 2511 621 2552 nullo
636 2511 890 2552 documento
907 2514 1124 2562 probatur,
1151 2515 1224 2555 illa
1255 2513 1425 2565 viguisse
1442 2522 1626 2560 tempore
1641 2509 1852 2550 celebrati,

504 2561 768 2603 Instrumenti
785 2590 798 2609 ‚
811 2567 851 2606 δε
870 2566 1053 2615 praesumi
1068 2567 1210 2607 valent
1223 2568 1415 2615 deinceps
1434 2563 1666 2604 introdusta
1679 2593 1689 2602 .
1710 2563 1848 2602 Immo

505 2613 688 2662 pluribus
715 2615 889 2659 festibus
904 2644 918 2663 ‚
936 2617 1106 2670 aliisque
1126 2619 1404 2660 monumentis
1419 2618 1589 2666 probant
1603 2640 1617 2660 ‚
1630 2624 1848 2670 recentem
1889 2616 1899 2629 ·’

508 2662 590 2704 effe
605 2665 873 2709 devotionem
891 2670 1046 2710 Rosarii
1063 2697 1077 2717 ‚
1107 2673 1215 2723 quod
1245 2683 1319 2711 nec
1337 2669 1524 2709 omnibus
1541 2668 1683 2708 diebus
1702 2668 1848 2709 Domi-

502 2715 606 2761 nicis
620 2718 822 2762 recitatur
838 2733 849 2761 :
875 2723 914 2764 Sc
932 2733 1016 2765 non
1030 2725 1177 2767 multis
1197 2724 1246 2766 ab
1261 2723 1356 2766 hinc
1373 2722 1485 2764 annis
1504 2722 1713 2771 inceptam
1728 2717 1844 2759 fuisse

528 2795 531 2799 .
1778 2781 1850 2814 ex.
