<?xml version="1.0" encoding="UTF-8"?>
<!DOCTYPE html PUBLIC "-//W3C//DTD XHTML 1.0 Transitional//EN"
    "http://www.w3.org/TR/xhtml1/DTD/xhtml1-transitional.dtd">
<html xmlns="http://www.w3.org/1999/xhtml" xml:lang="en" lang="en">
 <head>
  <title>
</title>
<meta http-equiv="Content-Type" content="text/html;charset=utf-8" />
  <meta name='ocr-system' content='tesseract 3.04.00' />
  <meta name='ocr-capabilities' content='ocr_page ocr_carea ocr_par ocr_line ocrx_word'/>
</head>
<body>
  <div class='ocr_page' id='page_1' title='image "./thesaurusresolut30cath_0218.png"; bbox 0 0 1934 2954; ppageno 0'>
   <div class='ocr_carea' id='block_1_1' title="bbox 477 164 1868 2805">
    <p class='ocr_par' dir='ltr' id='par_1_1' title="bbox 524 164 1868 1033">
     <span class='ocr_line' id='line_1_1' title="bbox 525 164 600 190; baseline -0.027 0"><span class='ocrx_word' id='word_1_1' title='bbox 525 166 543 190; x_wconf 78' lang='lat'>2</span> <span class='ocrx_word' id='word_1_2' title='bbox 556 164 600 190; x_wconf 89' lang='lat'>10</span> 
     </span>
     <span class='ocr_line' id='line_1_2' title="bbox 526 199 1858 252; baseline -0.003 -12"><span class='ocrx_word' id='word_1_3' title='bbox 526 200 763 244; x_wconf 78' lang='lat' dir='ltr'>Franciscns</span> <span class='ocrx_word' id='word_1_4' title='bbox 777 199 956 241; x_wconf 77' lang='lat' dir='ltr'>Griselia</span> <span class='ocrx_word' id='word_1_5' title='bbox 986 203 1102 252; x_wconf 76' lang='lat' dir='ltr'>quoad</span> <span class='ocrx_word' id='word_1_6' title='bbox 1112 201 1307 250; x_wconf 69' lang='lat' dir='ltr'>scientiam</span> <span class='ocrx_word' id='word_1_7' title='bbox 1323 223 1336 244; x_wconf 88' lang='lat'><em>‚</em></span> <span class='ocrx_word' id='word_1_8' title='bbox 1351 209 1491 237; x_wconf 78' lang='lat' dir='ltr'>aetatem</span> <span class='ocrx_word' id='word_1_9' title='bbox 1509 224 1522 244; x_wconf 88' lang='lat'><strong>‚</strong></span> <span class='ocrx_word' id='word_1_10' title='bbox 1554 213 1664 240; x_wconf 78' lang='lat' dir='ltr'>mores</span> <span class='ocrx_word' id='word_1_11' title='bbox 1681 223 1695 244; x_wconf 85' lang='lat'>‚</span> <span class='ocrx_word' id='word_1_12' title='bbox 1725 202 1769 244; x_wconf 75' lang='lat'>&amp;¹</span> <span class='ocrx_word' id='word_1_13' title='bbox 1783 199 1858 237; x_wconf 84' lang='lat' dir='ltr'>alia</span> 
     </span>
     <span class='ocr_line' id='line_1_3' title="bbox 524 251 1858 305; baseline -0.001 -13"><span class='ocrx_word' id='word_1_14' title='bbox 524 255 692 305; x_wconf 67' lang='lat' dir='ltr'>reqmfica</span> <span class='ocrx_word' id='word_1_15' title='bbox 721 256 769 292; x_wconf 86' lang='lat' dir='ltr'>ad</span> <span class='ocrx_word' id='word_1_16' title='bbox 784 255 1110 304; x_wconf 75' lang='lat' dir='ltr'>administrandam</span> <span class='ocrx_word' id='word_1_17' title='bbox 1128 251 1320 300; x_wconf 68' lang='lat' dir='ltr'>Ecclcstam</span> <span class='ocrx_word' id='word_1_18' title='bbox 1347 253 1594 292; x_wconf 68' lang='lat' dir='ltr'>Parochialem</span> <span class='ocrx_word' id='word_1_19' title='bbox 1620 254 1858 303; x_wconf 61' lang='lat' dir='ltr'>praediffams</span> 
     </span>
     <span class='ocr_line' id='line_1_4' title="bbox 526 304 1860 356; baseline -0.002 -10"><span class='ocrx_word' id='word_1_20' title='bbox 526 307 720 349; x_wconf 74' lang='lat' dir='ltr'><strong>Sacerdos</strong></span> <span class='ocrx_word' id='word_1_21' title='bbox 747 309 846 347; x_wconf 84' lang='lat' dir='ltr'>vero</span> <span class='ocrx_word' id='word_1_22' title='bbox 887 307 1062 356; x_wconf 72' lang='lat' dir='ltr'>joannes</span> <span class='ocrx_word' id='word_1_23' title='bbox 1097 306 1296 355; x_wconf 74' lang='lat' dir='ltr'>Viguiero</span> <span class='ocrx_word' id='word_1_24' title='bbox 1335 306 1571 347; x_wconf 64' lang='lat' dir='ltr'>reprobatus</span> <span class='ocrx_word' id='word_1_25' title='bbox 1601 306 1683 345; x_wconf 80' lang='lat' dir='ltr'>fuit</span> <span class='ocrx_word' id='word_1_26' title='bbox 1726 304 1860 354; x_wconf 85' lang='lat' dir='ltr'>quoad</span> 
     </span>
     <span class='ocr_line' id='line_1_5' title="bbox 525 359 1862 410; baseline -0.002 -10"><span class='ocrx_word' id='word_1_27' title='bbox 525 360 763 402; x_wconf 83' lang='lat' dir='ltr'>scientiam:</span> <span class='ocrx_word' id='word_1_28' title='bbox 793 360 830 400; x_wconf 53' lang='grc' dir='ltr'><em>ἃ</em></span> <span class='ocrx_word' id='word_1_29' title='bbox 850 360 983 410; x_wconf 83' lang='lat' dir='ltr'>quoad</span> <span class='ocrx_word' id='word_1_30' title='bbox 1001 368 1167 398; x_wconf 78' lang='lat' dir='ltr'>:etatem</span> <span class='ocrx_word' id='word_1_31' title='bbox 1180 382 1192 399; x_wconf 76' lang='lat'>‚</span> <span class='ocrx_word' id='word_1_32' title='bbox 1209 359 1246 398; x_wconf 64' lang='lat' dir='ltr'>SI.</span> <span class='ocrx_word' id='word_1_33' title='bbox 1264 369 1395 398; x_wconf 70' lang='lat' dir='ltr'>niores</span> <span class='ocrx_word' id='word_1_34' title='bbox 1412 366 1575 397; x_wconf 88' lang='lat' dir='ltr'>tanturn</span> <span class='ocrx_word' id='word_1_35' title='bbox 1590 359 1832 407; x_wconf 85' lang='lat' dir='ltr'>approbatus</span> <span class='ocrx_word' id='word_1_36' title='bbox 1847 369 1862 397; x_wconf 73' lang='grc'><strong><em>5</em></strong></span> 
     </span>
     <span class='ocr_line' id='line_1_6' title="bbox 524 410 1860 461; baseline -0.004 -8"><span class='ocrx_word' id='word_1_37' title='bbox 524 413 585 453; x_wconf 87' lang='lat' dir='ltr'>At</span> <span class='ocrx_word' id='word_1_38' title='bbox 603 411 870 454; x_wconf 81' lang='lat' dir='ltr'>Sacerdotem</span> <span class='ocrx_word' id='word_1_39' title='bbox 901 411 1111 461; x_wconf 84' lang='lat' dir='ltr'><strong>Angelum</strong></span> <span class='ocrx_word' id='word_1_40' title='bbox 1124 411 1364 459; x_wconf 81' lang='lat' dir='ltr'>Lamboglia</span> <span class='ocrx_word' id='word_1_41' title='bbox 1397 410 1522 449; x_wconf 88' lang='lat' dir='ltr'>iidem</span> <span class='ocrx_word' id='word_1_42' title='bbox 1550 411 1860 451; x_wconf 81' lang='lat' dir='ltr'>Examinatores</span> 
     </span>
     <span class='ocr_line' id='line_1_7' title="bbox 526 463 1862 514; baseline -0.001 -14"><span class='ocrx_word' id='word_1_43' title='bbox 526 466 798 514; x_wconf 80' lang='lat' dir='ltr'>approbarunt</span> <span class='ocrx_word' id='word_1_44' title='bbox 826 464 960 514; x_wconf 84' lang='lat' dir='ltr'>quoad</span> <span class='ocrx_word' id='word_1_45' title='bbox 980 463 1195 504; x_wconf 74' lang='lat' dir='ltr'>scientiam</span> <span class='ocrx_word' id='word_1_46' title='bbox 1214 475 1222 500; x_wconf 91' lang='lat'>:</span> <span class='ocrx_word' id='word_1_47' title='bbox 1254 466 1296 506; x_wconf 55' lang='grc' dir='ltr'>ἐγ</span> <span class='ocrx_word' id='word_1_48' title='bbox 1313 464 1429 512; x_wconf 75' lang='lat' dir='ltr'>quoad</span> <span class='ocrx_word' id='word_1_49' title='bbox 1444 477 1556 502; x_wconf 81' lang='lat' dir='ltr'>mores</span> <span class='ocrx_word' id='word_1_50' title='bbox 1587 465 1821 512; x_wconf 81' lang='lat' dir='ltr'><em>reprobarunt</em></span> <span class='ocrx_word' id='word_1_51' title='bbox 1850 490 1862 500; x_wconf 90' lang='lat'><strong>.</strong></span> 
     </span>
     <span class='ocr_line' id='line_1_8' title="bbox 529 514 1863 569; baseline -0.003 -14"><span class='ocrx_word' id='word_1_52' title='bbox 529 518 649 569; x_wconf 79' lang='lat' dir='ltr'>Juxta</span> <span class='ocrx_word' id='word_1_53' title='bbox 666 516 914 558; x_wconf 81' lang='lat' dir='ltr'>relationem</span> <span class='ocrx_word' id='word_1_54' title='bbox 942 517 1084 567; x_wconf 86' lang='lat' dir='ltr'>itaque</span> <span class='ocrx_word' id='word_1_55' title='bbox 1113 516 1450 555; x_wconf 76' lang='lat' dir='ltr'>Examinatorum</span> <span class='ocrx_word' id='word_1_56' title='bbox 1477 515 1695 563; x_wconf 80' lang='lat' dir='ltr'>Episcopus</span> <span class='ocrx_word' id='word_1_57' title='bbox 1725 514 1863 555; x_wconf 77' lang='lat' dir='ltr'>Cassa-</span> 
     </span>
     <span class='ocr_line' id='line_1_9' title="bbox 529 568 1863 618; baseline -0.004 -9"><span class='ocrx_word' id='word_1_58' title='bbox 529 570 662 614; x_wconf 84' lang='lat' dir='ltr'>nenfis</span> <span class='ocrx_word' id='word_1_59' title='bbox 674 569 887 618; x_wconf 70' lang='lat' dir='ltr'>praeelegit</span> <span class='ocrx_word' id='word_1_60' title='bbox 904 595 915 614; x_wconf 90' lang='lat'>‚</span> <span class='ocrx_word' id='word_1_61' title='bbox 944 571 983 611; x_wconf 72' lang='grc' dir='ltr'>δε</span> <span class='ocrx_word' id='word_1_62' title='bbox 1001 569 1129 618; x_wconf 80' lang='lat' dir='ltr'>magis</span> <span class='ocrx_word' id='word_1_63' title='bbox 1150 568 1344 608; x_wconf 87' lang='lat' dir='ltr'>idoneum</span> <span class='ocrx_word' id='word_1_64' title='bbox 1361 568 1589 607; x_wconf 81' lang='lat' dir='ltr'>declaravit</span> <span class='ocrx_word' id='word_1_65' title='bbox 1603 568 1863 606; x_wconf 88' lang='lat' dir='ltr'>Franciscum</span> 
     </span>
     <span class='ocr_line' id='line_1_10' title="bbox 531 620 1865 672; baseline -0.001 -12"><span class='ocrx_word' id='word_1_66' title='bbox 531 621 711 661; x_wconf 87' lang='lat' dir='ltr'>Grisolia</span> <span class='ocrx_word' id='word_1_67' title='bbox 725 648 738 668; x_wconf 89' lang='lat'>‚</span> <span class='ocrx_word' id='word_1_68' title='bbox 767 621 835 672; x_wconf 85' lang='lat' dir='ltr'>qui</span> <span class='ocrx_word' id='word_1_69' title='bbox 855 621 1026 671; x_wconf 77' lang='lat' dir='ltr'>proinde</span> <span class='ocrx_word' id='word_1_70' title='bbox 1041 634 1063 661; x_wconf 89' lang='lat' dir='ltr'>a</span> <span class='ocrx_word' id='word_1_71' title='bbox 1078 621 1249 661; x_wconf 78' lang='lat' dir='ltr'>Dataria</span> <span class='ocrx_word' id='word_1_72' title='bbox 1263 620 1497 669; x_wconf 85' lang='lat' dir='ltr'>Apostolica</span> <span class='ocrx_word' id='word_1_73' title='bbox 1517 644 1529 664; x_wconf 87' lang='lat'><strong>‚</strong></span> <span class='ocrx_word' id='word_1_74' title='bbox 1557 629 1719 661; x_wconf 87' lang='lat' dir='ltr'>attenta</span> <span class='ocrx_word' id='word_1_75' title='bbox 1744 630 1865 659; x_wconf 81' lang='lat' dir='ltr'>vaca-</span> 
     </span>
     <span class='ocr_line' id='line_1_11' title="bbox 527 671 1859 724; baseline -0.003 -10"><span class='ocrx_word' id='word_1_76' title='bbox 527 674 646 714; x_wconf 83' lang='lat' dir='ltr'>tione</span> <span class='ocrx_word' id='word_1_77' title='bbox 662 675 831 724; x_wconf 81' lang='lat' dir='ltr'>sequuta</span> <span class='ocrx_word' id='word_1_78' title='bbox 862 675 903 715; x_wconf 85' lang='lat' dir='ltr'>in</span> <span class='ocrx_word' id='word_1_79' title='bbox 922 675 1060 715; x_wconf 88' lang='lat' dir='ltr'>mense</span> <span class='ocrx_word' id='word_1_80' title='bbox 1074 674 1283 715; x_wconf 83' lang='lat' dir='ltr'>reservato</span> <span class='ocrx_word' id='word_1_81' title='bbox 1299 699 1310 718; x_wconf 92' lang='lat'>‚</span> <span class='ocrx_word' id='word_1_82' title='bbox 1337 674 1520 720; x_wconf 80' lang='lat' dir='ltr'>provisus</span> <span class='ocrx_word' id='word_1_83' title='bbox 1546 671 1628 712; x_wconf 87' lang='lat' dir='ltr'>fuit</span> <span class='ocrx_word' id='word_1_84' title='bbox 1651 673 1703 712; x_wconf 92' lang='lat' dir='ltr'>de</span> <span class='ocrx_word' id='word_1_85' title='bbox 1735 671 1859 710; x_wconf 86' lang='lat' dir='ltr'>Paro-</span> 
     </span>
     <span class='ocr_line' id='line_1_12' title="bbox 528 724 1865 777; baseline -0.004 -10"><span class='ocrx_word' id='word_1_86' title='bbox 528 726 655 767; x_wconf 81' lang='lat' dir='ltr'>chiali</span> <span class='ocrx_word' id='word_1_87' title='bbox 672 726 861 776; x_wconf 60' lang='lat' dir='ltr'>praedic‘ta</span> <span class='ocrx_word' id='word_1_88' title='bbox 876 755 886 766; x_wconf 88' lang='lat'><strong>.</strong></span> <span class='ocrx_word' id='word_1_89' title='bbox 914 727 1102 777; x_wconf 80' lang='lat' dir='ltr'>Angelus</span> <span class='ocrx_word' id='word_1_90' title='bbox 1118 736 1256 765; x_wconf 86' lang='lat' dir='ltr'>autem</span> <span class='ocrx_word' id='word_1_91' title='bbox 1272 725 1511 775; x_wconf 86' lang='lat' dir='ltr'>Lamboglia</span> <span class='ocrx_word' id='word_1_92' title='bbox 1539 724 1865 775; x_wconf 77' lang='lat' dir='ltr'>appellationem</span> 
     </span>
     <span class='ocr_line' id='line_1_13' title="bbox 527 775 1866 828; baseline -0.004 -10"><span class='ocrx_word' id='word_1_93' title='bbox 527 778 637 819; x_wconf 77' lang='lat' dir='ltr'>infra</span> <span class='ocrx_word' id='word_1_94' title='bbox 655 779 843 828; x_wconf 82' lang='lat' dir='ltr'>legitima</span> <span class='ocrx_word' id='word_1_95' title='bbox 858 788 1044 828; x_wconf 83' lang='lat' dir='ltr'>tempora</span> <span class='ocrx_word' id='word_1_96' title='bbox 1074 779 1318 827; x_wconf 78' lang='lat' dir='ltr'>interposuit</span> <span class='ocrx_word' id='word_1_97' title='bbox 1348 779 1433 818; x_wconf 78' lang='lat' dir='ltr'>tam</span> <span class='ocrx_word' id='word_1_98' title='bbox 1449 779 1495 817; x_wconf 91' lang='lat' dir='ltr'>ab</span> <span class='ocrx_word' id='word_1_99' title='bbox 1511 775 1784 817; x_wconf 78' lang='lat' dir='ltr'>irrationabili</span> <span class='ocrx_word' id='word_1_100' title='bbox 1800 776 1866 821; x_wconf 84' lang='lat' dir='ltr'>ju-</span> 
     </span>
     <span class='ocr_line' id='line_1_14' title="bbox 526 827 1861 881; baseline -0.001 -12"><span class='ocrx_word' id='word_1_101' title='bbox 526 831 641 872; x_wconf 88' lang='lat' dir='ltr'>dicio</span> <span class='ocrx_word' id='word_1_102' title='bbox 657 831 874 879; x_wconf 84' lang='lat' dir='ltr'>Episcopi,</span> <span class='ocrx_word' id='word_1_103' title='bbox 907 833 1027 881; x_wconf 70' lang='lat' dir='ltr'>quam</span> <span class='ocrx_word' id='word_1_104' title='bbox 1041 844 1062 871; x_wconf 88' lang='lat' dir='ltr'>a</span> <span class='ocrx_word' id='word_1_105' title='bbox 1079 832 1188 870; x_wconf 87' lang='lat' dir='ltr'>mala</span> <span class='ocrx_word' id='word_1_106' title='bbox 1204 830 1410 877; x_wconf 82' lang='lat' dir='ltr'>relatione</span> <span class='ocrx_word' id='word_1_107' title='bbox 1427 831 1763 870; x_wconf 83' lang='lat' dir='ltr'>Examinatorum</span> <span class='ocrx_word' id='word_1_108' title='bbox 1777 841 1792 868; x_wconf 70' lang='lat'>5</span> <span class='ocrx_word' id='word_1_109' title='bbox 1821 827 1861 867; x_wconf 59' lang='grc' dir='ltr'>ἃ.</span> 
     </span>
     <span class='ocr_line' id='line_1_15' title="bbox 530 881 1868 932; baseline -0.004 -10"><span class='ocrx_word' id='word_1_110' title='bbox 530 883 574 922; x_wconf 90' lang='lat' dir='ltr'>in</span> <span class='ocrx_word' id='word_1_111' title='bbox 592 883 782 930; x_wconf 88' lang='lat' dir='ltr'>precibus</span> <span class='ocrx_word' id='word_1_112' title='bbox 798 883 947 924; x_wconf 84' lang='lat' dir='ltr'>oblatis</span> <span class='ocrx_word' id='word_1_113' title='bbox 965 884 1058 923; x_wconf 91' lang='lat' dir='ltr'>huic</span> <span class='ocrx_word' id='word_1_114' title='bbox 1092 885 1217 924; x_wconf 73' lang='lat' dir='ltr'>Sacrae</span> <span class='ocrx_word' id='word_1_115' title='bbox 1231 883 1552 932; x_wconf 81' lang='lat' dir='ltr'>Congregationi</span> <span class='ocrx_word' id='word_1_116' title='bbox 1567 882 1720 928; x_wconf 77' lang='lat' dir='ltr'>obJecit</span> <span class='ocrx_word' id='word_1_117' title='bbox 1743 881 1868 921; x_wconf 82' lang='lat' dir='ltr'>Fran-</span> 
     </span>
     <span class='ocr_line' id='line_1_16' title="bbox 531 935 1867 986; baseline -0.002 -12"><span class='ocrx_word' id='word_1_118' title='bbox 531 935 642 974; x_wconf 82' lang='lat' dir='ltr'>cisco</span> <span class='ocrx_word' id='word_1_119' title='bbox 655 935 848 978; x_wconf 85' lang='lat' dir='ltr'>Grisolia‚</span> <span class='ocrx_word' id='word_1_120' title='bbox 865 936 974 986; x_wconf 90' lang='lat' dir='ltr'>quod</span> <span class='ocrx_word' id='word_1_121' title='bbox 988 935 1198 975; x_wconf 85' lang='lat' dir='ltr'>Medicam</span> <span class='ocrx_word' id='word_1_122' title='bbox 1212 935 1360 975; x_wconf 88' lang='lat' dir='ltr'>Artem</span> <span class='ocrx_word' id='word_1_123' title='bbox 1375 935 1548 976; x_wconf 85' lang='lat' dir='ltr'>Clericis</span> <span class='ocrx_word' id='word_1_124' title='bbox 1577 935 1867 975; x_wconf 57' lang='lat' dir='ltr'>interdir‘tama</span> 
     </span>
     <span class='ocr_line' id='line_1_17' title="bbox 532 985 1382 1033; baseline 0.002 -8"><span class='ocrx_word' id='word_1_125' title='bbox 532 985 689 1027; x_wconf 86' lang='lat' dir='ltr'>dudum</span> <span class='ocrx_word' id='word_1_126' title='bbox 703 988 937 1027; x_wconf 85' lang='lat' dir='ltr'>exercuerit</span> <span class='ocrx_word' id='word_1_127' title='bbox 950 1013 962 1033; x_wconf 86' lang='lat'><strong>‚</strong></span> <span class='ocrx_word' id='word_1_128' title='bbox 979 990 1017 1029; x_wconf 66' lang='grc' dir='ltr'>ὃς</span> <span class='ocrx_word' id='word_1_129' title='bbox 1034 990 1124 1027; x_wconf 69' lang='lat' dir='ltr'>astu</span> <span class='ocrx_word' id='word_1_130' title='bbox 1143 996 1357 1027; x_wconf 83' lang='lat' dir='ltr'>exerceret</span> <span class='ocrx_word' id='word_1_131' title='bbox 1372 1016 1382 1027; x_wconf 85' lang='lat'><strong>.</strong></span> 
     </span>
    </p>

    <p class='ocr_par' dir='ltr' id='par_1_2' title="bbox 477 1038 1868 2189">
     <span class='ocr_line' id='line_1_18' title="bbox 477 1038 1862 1088; baseline 0.001 -12"><span class='ocrx_word' id='word_1_132' title='bbox 477 1039 571 1081; x_wconf 79' lang='lat' dir='ltr'>Post</span> <span class='ocrx_word' id='word_1_133' title='bbox 584 1038 773 1080; x_wconf 81' lang='lat' dir='ltr'>auditum</span> <span class='ocrx_word' id='word_1_134' title='bbox 803 1040 854 1078; x_wconf 89' lang='lat' dir='ltr'>de</span> <span class='ocrx_word' id='word_1_135' title='bbox 879 1051 993 1081; x_wconf 87' lang='lat' dir='ltr'>more</span> <span class='ocrx_word' id='word_1_136' title='bbox 1019 1040 1263 1087; x_wconf 80' lang='lat' dir='ltr'>Episcopum</span> <span class='ocrx_word' id='word_1_137' title='bbox 1279 1064 1292 1083; x_wconf 83' lang='lat'>‚</span> <span class='ocrx_word' id='word_1_138' title='bbox 1320 1038 1446 1077; x_wconf 86' lang='lat' dir='ltr'>Causa</span> <span class='ocrx_word' id='word_1_139' title='bbox 1460 1051 1564 1078; x_wconf 88' lang='lat' dir='ltr'>nunc</span> <span class='ocrx_word' id='word_1_140' title='bbox 1579 1039 1820 1088; x_wconf 85' lang='lat' dir='ltr'>proponitur</span> <span class='ocrx_word' id='word_1_141' title='bbox 1849 1066 1862 1078; x_wconf 85' lang='lat'><strong>.</strong></span> 
     </span>
     <span class='ocr_line' id='line_1_19' title="bbox 528 1088 1862 1139; baseline 0 -9"><span class='ocrx_word' id='word_1_142' title='bbox 528 1091 585 1130; x_wconf 87' lang='lat' dir='ltr'>-Et</span> <span class='ocrx_word' id='word_1_143' title='bbox 601 1088 761 1129; x_wconf 77' lang='lat' dir='ltr'>disserit</span> <span class='ocrx_word' id='word_1_144' title='bbox 778 1090 1014 1130; x_wconf 88' lang='lat' dir='ltr'>Franciscus</span> <span class='ocrx_word' id='word_1_145' title='bbox 1032 1091 1211 1130; x_wconf 89' lang='lat' dir='ltr'>Grisolia</span> <span class='ocrx_word' id='word_1_146' title='bbox 1228 1117 1241 1137; x_wconf 84' lang='lat'>,</span> <span class='ocrx_word' id='word_1_147' title='bbox 1268 1091 1420 1131; x_wconf 84' lang='lat' dir='ltr'>merito</span> <span class='ocrx_word' id='word_1_148' title='bbox 1438 1093 1696 1139; x_wconf 87' lang='lat' dir='ltr'>reprobatum</span> <span class='ocrx_word' id='word_1_149' title='bbox 1714 1089 1862 1130; x_wconf 44' lang='lat' dir='ltr'>tuiis&amp;</span> 
     </span>
     <span class='ocr_line' id='line_1_20' title="bbox 532 1141 1862 1193; baseline -0.002 -12"><span class='ocrx_word' id='word_1_150' title='bbox 532 1142 668 1193; x_wconf 86' lang='lat' dir='ltr'>quoad</span> <span class='ocrx_word' id='word_1_151' title='bbox 683 1153 819 1184; x_wconf 83' lang='lat' dir='ltr'>mores</span> <span class='ocrx_word' id='word_1_152' title='bbox 835 1141 1042 1193; x_wconf 83' lang='lat' dir='ltr'>Angelum</span> <span class='ocrx_word' id='word_1_153' title='bbox 1059 1143 1299 1193; x_wconf 84' lang='lat' dir='ltr'>Lamboglia</span> <span class='ocrx_word' id='word_1_154' title='bbox 1315 1169 1326 1187; x_wconf 93' lang='lat'>‚</span> <span class='ocrx_word' id='word_1_155' title='bbox 1345 1143 1439 1193; x_wconf 91' lang='lat' dir='ltr'>quia</span> <span class='ocrx_word' id='word_1_156' title='bbox 1457 1156 1503 1181; x_wconf 86' lang='lat' dir='ltr'>ex</span> <span class='ocrx_word' id='word_1_157' title='bbox 1521 1144 1620 1183; x_wconf 58' lang='lat' dir='ltr'>afris</span> <span class='ocrx_word' id='word_1_158' title='bbox 1633 1143 1862 1182; x_wconf 81' lang='lat' dir='ltr'>Concursus</span> 
     </span>
     <span class='ocr_line' id='line_1_21' title="bbox 531 1194 1866 1243; baseline -0.001 -9"><span class='ocrx_word' id='word_1_159' title='bbox 531 1194 715 1234; x_wconf 87' lang='lat' dir='ltr'>constitit</span> <span class='ocrx_word' id='word_1_160' title='bbox 745 1207 814 1243; x_wconf 88' lang='lat' dir='ltr'>per</span> <span class='ocrx_word' id='word_1_161' title='bbox 830 1194 952 1234; x_wconf 85' lang='lat' dir='ltr'>fidem</span> <span class='ocrx_word' id='word_1_162' title='bbox 968 1196 1217 1235; x_wconf 85' lang='lat' dir='ltr'>Cancellarii</span> <span class='ocrx_word' id='word_1_163' title='bbox 1235 1195 1365 1235; x_wconf 60' lang='lat' dir='ltr'>Curiae</span> <span class='ocrx_word' id='word_1_164' title='bbox 1380 1194 1629 1243; x_wconf 85' lang='lat' dir='ltr'>Episcopalis</span> <span class='ocrx_word' id='word_1_165' title='bbox 1645 1220 1656 1238; x_wconf 81' lang='lat'><strong>‚</strong></span> <span class='ocrx_word' id='word_1_166' title='bbox 1689 1195 1866 1235; x_wconf 89' lang='lat' dir='ltr'>eundem</span> 
     </span>
     <span class='ocr_line' id='line_1_22' title="bbox 529 1247 1866 1299; baseline -0.001 -12"><span class='ocrx_word' id='word_1_167' title='bbox 529 1247 740 1296; x_wconf 87' lang='lat' dir='ltr'>Angelum</span> <span class='ocrx_word' id='word_1_168' title='bbox 760 1247 922 1289; x_wconf 87' lang='lat' dir='ltr'>biennio</span> <span class='ocrx_word' id='word_1_169' title='bbox 939 1257 1033 1289; x_wconf 85' lang='lat' dir='ltr'>ante</span> <span class='ocrx_word' id='word_1_170' title='bbox 1050 1248 1164 1288; x_wconf 80' lang='lat' dir='ltr'>fuiffe</span> <span class='ocrx_word' id='word_1_171' title='bbox 1177 1248 1446 1296; x_wconf 81' lang='lat' dir='ltr'>articulatum</span> <span class='ocrx_word' id='word_1_172' title='bbox 1464 1274 1477 1292; x_wconf 87' lang='lat'>‚</span> <span class='ocrx_word' id='word_1_173' title='bbox 1503 1256 1627 1299; x_wconf 84' lang='lat' dir='ltr'>atque</span> <span class='ocrx_word' id='word_1_174' title='bbox 1643 1260 1664 1286; x_wconf 92' lang='lat' dir='ltr'>a</span> <span class='ocrx_word' id='word_1_175' title='bbox 1682 1247 1866 1287; x_wconf 85' lang='lat' dir='ltr'>Testibus</span> 
     </span>
     <span class='ocr_line' id='line_1_23' title="bbox 532 1299 1866 1351; baseline -0.001 -12"><span class='ocrx_word' id='word_1_176' title='bbox 532 1300 786 1351; x_wconf 85' lang='lat' dir='ltr'>defignatum</span> <span class='ocrx_word' id='word_1_177' title='bbox 802 1302 1018 1340; x_wconf 79' lang='lat' dir='ltr'>authorem</span> <span class='ocrx_word' id='word_1_178' title='bbox 1046 1300 1188 1341; x_wconf 86' lang='lat' dir='ltr'>illiciti</span> <span class='ocrx_word' id='word_1_179' title='bbox 1221 1300 1462 1340; x_wconf 86' lang='lat' dir='ltr'>commercii</span> <span class='ocrx_word' id='word_1_180' title='bbox 1482 1312 1575 1338; x_wconf 89' lang='lat' dir='ltr'>cum</span> <span class='ocrx_word' id='word_1_181' title='bbox 1605 1300 1786 1340; x_wconf 84' lang='lat' dir='ltr'>Muliere</span> <span class='ocrx_word' id='word_1_182' title='bbox 1814 1299 1866 1338; x_wconf 86' lang='lat' dir='ltr'>de</span> 
     </span>
     <span class='ocr_line' id='line_1_24' title="bbox 527 1350 1867 1403; baseline -0.001 -12"><span class='ocrx_word' id='word_1_183' title='bbox 527 1351 679 1391; x_wconf 70' lang='lat' dir='ltr'>eadem</span> <span class='ocrx_word' id='word_1_184' title='bbox 695 1350 826 1391; x_wconf 88' lang='lat' dir='ltr'>Terra</span> <span class='ocrx_word' id='word_1_185' title='bbox 844 1352 881 1390; x_wconf 92' lang='lat' dir='ltr'>S.</span> <span class='ocrx_word' id='word_1_186' title='bbox 903 1352 1131 1393; x_wconf 69' lang='lat' dir='ltr'>Dominicae</span> <span class='ocrx_word' id='word_1_187' title='bbox 1145 1378 1157 1398; x_wconf 88' lang='lat'>,</span> <span class='ocrx_word' id='word_1_188' title='bbox 1186 1366 1270 1403; x_wconf 77' lang='lat' dir='ltr'>quae</span> <span class='ocrx_word' id='word_1_189' title='bbox 1289 1354 1466 1391; x_wconf 85' lang='lat' dir='ltr'>alterum</span> <span class='ocrx_word' id='word_1_190' title='bbox 1479 1352 1694 1392; x_wconf 86' lang='lat' dir='ltr'>Clericum</span> <span class='ocrx_word' id='word_1_191' title='bbox 1724 1352 1774 1391; x_wconf 88' lang='lat' dir='ltr'>de</span> <span class='ocrx_word' id='word_1_192' title='bbox 1788 1352 1867 1390; x_wconf 88' lang='lat' dir='ltr'>stu-</span> 
     </span>
     <span class='ocr_line' id='line_1_25' title="bbox 531 1402 1866 1454; baseline 0.001 -13"><span class='ocrx_word' id='word_1_193' title='bbox 531 1416 605 1454; x_wconf 82' lang='lat' dir='ltr'>pro</span> <span class='ocrx_word' id='word_1_194' title='bbox 619 1404 880 1444; x_wconf 78' lang='lat' dir='ltr'>accusaverat</span> <span class='ocrx_word' id='word_1_195' title='bbox 899 1417 908 1445; x_wconf 87' lang='lat'>;</span> <span class='ocrx_word' id='word_1_196' title='bbox 937 1406 974 1445; x_wconf 57' lang='grc' dir='ltr'>ἃ</span> <span class='ocrx_word' id='word_1_197' title='bbox 994 1405 1124 1444; x_wconf 86' lang='lat' dir='ltr'>rursus</span> <span class='ocrx_word' id='word_1_198' title='bbox 1143 1407 1209 1451; x_wconf 87' lang='lat' dir='ltr'>sub</span> <span class='ocrx_word' id='word_1_199' title='bbox 1223 1406 1291 1444; x_wconf 89' lang='lat' dir='ltr'>die</span> <span class='ocrx_word' id='word_1_200' title='bbox 1308 1419 1368 1444; x_wconf 84' lang='lat'>22.</span> <span class='ocrx_word' id='word_1_201' title='bbox 1390 1404 1630 1454; x_wconf 65' lang='lat' dir='ltr'>Decembris</span> <span class='ocrx_word' id='word_1_202' title='bbox 1651 1411 1764 1448; x_wconf 81' lang='lat'><em>1760.</em></span> <span class='ocrx_word' id='word_1_203' title='bbox 1793 1402 1866 1442; x_wconf 86' lang='lat' dir='ltr'>ad-</span> 
     </span>
     <span class='ocr_line' id='line_1_26' title="bbox 529 1453 1866 1508; baseline -0.001 -13"><span class='ocrx_word' id='word_1_204' title='bbox 529 1453 698 1496; x_wconf 66' lang='lat' dir='ltr'>‚miffum</span> <span class='ocrx_word' id='word_1_205' title='bbox 716 1454 830 1496; x_wconf 79' lang='lat' dir='ltr'>fuiffe</span> <span class='ocrx_word' id='word_1_206' title='bbox 851 1469 897 1496; x_wconf 81' lang='lat' dir='ltr'>ex</span> <span class='ocrx_word' id='word_1_207' title='bbox 911 1458 1042 1508; x_wconf 82' lang='lat' dir='ltr'>gratia</span> <span class='ocrx_word' id='word_1_208' title='bbox 1072 1458 1120 1498; x_wconf 86' lang='lat' dir='ltr'>ad</span> <span class='ocrx_word' id='word_1_209' title='bbox 1137 1457 1371 1498; x_wconf 86' lang='lat' dir='ltr'>solvendam</span> <span class='ocrx_word' id='word_1_210' title='bbox 1393 1458 1590 1495; x_wconf 59' lang='lat' dir='ltr'>mulsiam</span> <span class='ocrx_word' id='word_1_211' title='bbox 1619 1458 1866 1496; x_wconf 76' lang='lat' dir='ltr'>ducatorum</span> 
     </span>
     <span class='ocr_line' id='line_1_27' title="bbox 526 1508 1867 1560; baseline 0 -15"><span class='ocrx_word' id='word_1_212' title='bbox 526 1509 681 1549; x_wconf 74' lang='lat' dir='ltr'>,decem</span> <span class='ocrx_word' id='word_1_213' title='bbox 695 1535 708 1554; x_wconf 87' lang='lat'>‚</span> <span class='ocrx_word' id='word_1_214' title='bbox 737 1509 774 1550; x_wconf 64' lang='grc' dir='ltr'>δε</span> <span class='ocrx_word' id='word_1_215' title='bbox 790 1510 839 1547; x_wconf 86' lang='lat' dir='ltr'>ad</span> <span class='ocrx_word' id='word_1_216' title='bbox 856 1510 1131 1559; x_wconf 86' lang='lat' dir='ltr'>peragendum</span> <span class='ocrx_word' id='word_1_217' title='bbox 1149 1509 1375 1560; x_wconf 84' lang='lat' dir='ltr'>spiritualia</span> <span class='ocrx_word' id='word_1_218' title='bbox 1392 1509 1590 1560; x_wconf 67' lang='lat' dir='ltr'>exercitia</span> <span class='ocrx_word' id='word_1_219' title='bbox 1607 1521 1677 1554; x_wconf 82' lang='lat' dir='ltr'>per</span> <span class='ocrx_word' id='word_1_220' title='bbox 1693 1508 1867 1548; x_wconf 56' lang='lat' dir='ltr'>decern„</span> 
     </span>
     <span class='ocr_line' id='line_1_28' title="bbox 526 1560 1864 1611; baseline 0.002 -14"><span class='ocrx_word' id='word_1_221' title='bbox 526 1560 624 1602; x_wconf 78' lang='lat' dir='ltr'>,dies</span> <span class='ocrx_word' id='word_1_222' title='bbox 642 1584 655 1605; x_wconf 92' lang='lat'>‚</span> <span class='ocrx_word' id='word_1_223' title='bbox 684 1562 734 1599; x_wconf 85' lang='lat' dir='ltr'>ob</span> <span class='ocrx_word' id='word_1_224' title='bbox 749 1561 929 1608; x_wconf 80' lang='lat' dir='ltr'>spretum</span> <span class='ocrx_word' id='word_1_225' title='bbox 946 1571 1195 1611; x_wconf 62' lang='lat' dir='ltr'>praeceptum</span> <span class='ocrx_word' id='word_1_226' title='bbox 1211 1561 1348 1601; x_wconf 89' lang='lat' dir='ltr'>eidem</span> <span class='ocrx_word' id='word_1_227' title='bbox 1364 1561 1586 1606; x_wconf 58' lang='lat' dir='ltr'>iujunthzm</span> <span class='ocrx_word' id='word_1_228' title='bbox 1605 1560 1655 1600; x_wconf 88' lang='lat' dir='ltr'>de</span> <span class='ocrx_word' id='word_1_229' title='bbox 1670 1573 1746 1599; x_wconf 89' lang='lat' dir='ltr'>non</span> <span class='ocrx_word' id='word_1_230' title='bbox 1764 1572 1864 1600; x_wconf 83' lang='lat' dir='ltr'>con-</span> 
     </span>
     <span class='ocr_line' id='line_1_29' title="bbox 532 1613 1866 1664; baseline 0 -13"><span class='ocrx_word' id='word_1_231' title='bbox 532 1613 734 1652; x_wconf 88' lang='lat' dir='ltr'>versando</span> <span class='ocrx_word' id='word_1_232' title='bbox 761 1627 853 1654; x_wconf 91' lang='lat' dir='ltr'>cum</span> <span class='ocrx_word' id='word_1_233' title='bbox 869 1615 998 1654; x_wconf 88' lang='lat' dir='ltr'>altera</span> <span class='ocrx_word' id='word_1_234' title='bbox 1025 1615 1204 1664; x_wconf 43' lang='lat' dir='ltr'>suspet‘ia</span> <span class='ocrx_word' id='word_1_235' title='bbox 1235 1613 1418 1652; x_wconf 86' lang='lat' dir='ltr'>Muliere</span> <span class='ocrx_word' id='word_1_236' title='bbox 1445 1615 1598 1661; x_wconf 59' lang='lat' dir='ltr'>pariter</span> <span class='ocrx_word' id='word_1_237' title='bbox 1625 1613 1674 1653; x_wconf 87' lang='lat' dir='ltr'>de</span> <span class='ocrx_word' id='word_1_238' title='bbox 1691 1613 1866 1652; x_wconf 60' lang='lat' dir='ltr'>eodem-³</span> 
     </span>
     <span class='ocr_line' id='line_1_30' title="bbox 533 1664 1863 1714; baseline -0.002 -8"><span class='ocrx_word' id='word_1_239' title='bbox 533 1664 675 1710; x_wconf 78' lang='lat' dir='ltr'>Loco,</span> <span class='ocrx_word' id='word_1_240' title='bbox 704 1678 797 1705; x_wconf 89' lang='lat' dir='ltr'>cum</span> <span class='ocrx_word' id='word_1_241' title='bbox 815 1668 1085 1713; x_wconf 80' lang='lat' dir='ltr'>renovatione</span> <span class='ocrx_word' id='word_1_242' title='bbox 1102 1667 1277 1711; x_wconf 81' lang='lat' dir='ltr'>ejusdem</span> <span class='ocrx_word' id='word_1_243' title='bbox 1306 1676 1495 1714; x_wconf 55' lang='lat' dir='ltr'>praecepti</span> <span class='ocrx_word' id='word_1_244' title='bbox 1530 1666 1658 1705; x_wconf 71' lang='lat' dir='ltr'>adh-:ic</span> <span class='ocrx_word' id='word_1_245' title='bbox 1683 1665 1863 1714; x_wconf 73' lang='lat' dir='ltr'>vigentis</span> 
     </span>
     <span class='ocr_line' id='line_1_31' title="bbox 533 1716 1866 1767; baseline 0.001 -11"><span class='ocrx_word' id='word_1_246' title='bbox 533 1718 790 1767; x_wconf 74' lang='lat' dir='ltr'>subgraviori</span> <span class='ocrx_word' id='word_1_247' title='bbox 806 1730 924 1767; x_wconf 87' lang='lat' dir='ltr'>poena</span> <span class='ocrx_word' id='word_1_248' title='bbox 955 1718 1197 1759; x_wconf 85' lang='lat' dir='ltr'>ducatorum</span> <span class='ocrx_word' id='word_1_249' title='bbox 1223 1727 1392 1758; x_wconf 86' lang='lat' dir='ltr'>centum</span> <span class='ocrx_word' id='word_1_250' title='bbox 1407 1732 1421 1758; x_wconf 85' lang='lat'>,·</span> <span class='ocrx_word' id='word_1_251' title='bbox 1450 1730 1524 1757; x_wconf 84' lang='lat' dir='ltr'>nec</span> <span class='ocrx_word' id='word_1_252' title='bbox 1555 1719 1690 1757; x_wconf 65' lang='lat' dir='ltr'>ceuset</span> <span class='ocrx_word' id='word_1_253' title='bbox 1709 1743 1720 1762; x_wconf 88' lang='lat'>‚</span> <span class='ocrx_word' id='word_1_254' title='bbox 1754 1716 1866 1757; x_wconf 72' lang='lat' dir='ltr'>defe-</span> 
     </span>
     <span class='ocr_line' id='line_1_32' title="bbox 527 1770 1866 1818; baseline -0.001 -7"><span class='ocrx_word' id='word_1_255' title='bbox 527 1772 704 1811; x_wconf 79' lang='lat' dir='ltr'>rendum</span> <span class='ocrx_word' id='word_1_256' title='bbox 722 1770 799 1811; x_wconf 76' lang='lat' dir='ltr'>effe</span> <span class='ocrx_word' id='word_1_257' title='bbox 819 1770 1000 1811; x_wconf 89' lang='lat' dir='ltr'>Testibus</span> <span class='ocrx_word' id='word_1_258' title='bbox 1032 1771 1406 1818; x_wconf 79' lang='lat' dir='ltr'>extrajudicialibus</span> <span class='ocrx_word' id='word_1_259' title='bbox 1432 1783 1563 1809; x_wconf 87' lang='lat' dir='ltr'>mores</span> <span class='ocrx_word' id='word_1_260' title='bbox 1581 1797 1592 1815; x_wconf 89' lang='lat'><em>,</em></span> <span class='ocrx_word' id='word_1_261' title='bbox 1626 1771 1659 1809; x_wconf 60' lang='grc' dir='ltr'>ἒς</span> <span class='ocrx_word' id='word_1_262' title='bbox 1688 1771 1866 1809; x_wconf 75' lang='lat' dir='ltr'>honesta-</span> 
     </span>
     <span class='ocr_line' id='line_1_33' title="bbox 526 1823 1867 1873; baseline 0.001 -15"><span class='ocrx_word' id='word_1_263' title='bbox 526 1831 624 1862; x_wconf 74' lang='lat' dir='ltr'>tem</span> <span class='ocrx_word' id='word_1_264' title='bbox 641 1823 822 1868; x_wconf 79' lang='lat' dir='ltr'>ejusdem</span> <span class='ocrx_word' id='word_1_265' title='bbox 840 1823 988 1873; x_wconf 83' lang='lat' dir='ltr'>Angeli</span> <span class='ocrx_word' id='word_1_266' title='bbox 1004 1824 1242 1873; x_wconf 84' lang='lat' dir='ltr'>Lamboglia</span> <span class='ocrx_word' id='word_1_267' title='bbox 1271 1823 1529 1862; x_wconf 73' lang='lat' dir='ltr'>laudantibus</span> <span class='ocrx_word' id='word_1_268' title='bbox 1548 1848 1560 1866; x_wconf 80' lang='lat'><strong>‚</strong></span> <span class='ocrx_word' id='word_1_269' title='bbox 1591 1823 1682 1869; x_wconf 73' lang='lat' dir='ltr'>Quia</span> <span class='ocrx_word' id='word_1_270' title='bbox 1713 1835 1867 1871; x_wconf 79' lang='lat' dir='ltr'>praeva-</span> 
     </span>
     <span class='ocr_line' id='line_1_34' title="bbox 532 1875 1868 1925; baseline -0.001 -11"><span class='ocrx_word' id='word_1_271' title='bbox 532 1875 622 1914; x_wconf 88' lang='lat' dir='ltr'>lent</span> <span class='ocrx_word' id='word_1_272' title='bbox 639 1875 764 1923; x_wconf 67' lang='lat' dir='ltr'>magis</span> <span class='ocrx_word' id='word_1_273' title='bbox 782 1876 1037 1922; x_wconf 63' lang='lat' dir='ltr'>probationes</span> <span class='ocrx_word' id='word_1_274' title='bbox 1053 1878 1103 1916; x_wconf 87' lang='lat' dir='ltr'>de</span> <span class='ocrx_word' id='word_1_275' title='bbox 1122 1877 1234 1916; x_wconf 91' lang='lat' dir='ltr'>illius</span> <span class='ocrx_word' id='word_1_276' title='bbox 1261 1876 1450 1925; x_wconf 70' lang='lat' dir='ltr'>suspeffis</span> <span class='ocrx_word' id='word_1_277' title='bbox 1464 1876 1641 1914; x_wconf 70' lang='lat' dir='ltr'>moribus</span> <span class='ocrx_word' id='word_1_278' title='bbox 1673 1875 1868 1914; x_wconf 82' lang='lat' dir='ltr'>resultan-</span> 
     </span>
     <span class='ocr_line' id='line_1_35' title="bbox 524 1928 1867 1977; baseline 0 -12"><span class='ocrx_word' id='word_1_279' title='bbox 524 1935 599 1966; x_wconf 64' lang='lat' dir='ltr'>tes</span> <span class='ocrx_word' id='word_1_280' title='bbox 616 1939 661 1966; x_wconf 73' lang='lat' dir='ltr'>ex</span> <span class='ocrx_word' id='word_1_281' title='bbox 677 1928 776 1967; x_wconf 64' lang='lat' dir='ltr'>aeus</span> <span class='ocrx_word' id='word_1_282' title='bbox 791 1928 1048 1973; x_wconf 81' lang='lat' dir='ltr'>judicialibus</span> <span class='ocrx_word' id='word_1_283' title='bbox 1066 1929 1195 1968; x_wconf 79' lang='lat' dir='ltr'>Curiae</span> <span class='ocrx_word' id='word_1_284' title='bbox 1214 1928 1460 1977; x_wconf 84' lang='lat' dir='ltr'>Episcopalis</span> <span class='ocrx_word' id='word_1_285' title='bbox 1475 1958 1484 1967; x_wconf 89' lang='lat'><strong>.</strong></span> <span class='ocrx_word' id='word_1_286' title='bbox 1515 1929 1566 1967; x_wconf 87' lang='lat' dir='ltr'>Et</span> <span class='ocrx_word' id='word_1_287' title='bbox 1584 1928 1676 1966; x_wconf 67' lang='lat' dir='ltr'>ideo</span> <span class='ocrx_word' id='word_1_288' title='bbox 1693 1929 1867 1966; x_wconf 71' lang='lat' dir='ltr'>arbitra-</span> 
     </span>
     <span class='ocr_line' id='line_1_36' title="bbox 534 1978 1864 2025; baseline -0.002 -6"><span class='ocrx_word' id='word_1_289' title='bbox 534 1987 602 2019; x_wconf 86' lang='lat' dir='ltr'>tur</span> <span class='ocrx_word' id='word_1_290' title='bbox 617 2005 630 2024; x_wconf 91' lang='lat'>,</span> <span class='ocrx_word' id='word_1_291' title='bbox 663 1978 855 2019; x_wconf 83' lang='lat' dir='ltr'>idoneum</span> <span class='ocrx_word' id='word_1_292' title='bbox 874 1993 953 2020; x_wconf 88' lang='lat' dir='ltr'>non</span> <span class='ocrx_word' id='word_1_293' title='bbox 970 1979 1050 2022; x_wconf 80' lang='lat' dir='ltr'>effe.</span> <span class='ocrx_word' id='word_1_294' title='bbox 1063 1982 1113 2021; x_wconf 86' lang='lat' dir='ltr'>ad</span> <span class='ocrx_word' id='word_1_295' title='bbox 1130 1981 1281 2020; x_wconf 88' lang='lat' dir='ltr'>Curam</span> <span class='ocrx_word' id='word_1_296' title='bbox 1298 1980 1540 2020; x_wconf 87' lang='lat' dir='ltr'>Animarum</span> <span class='ocrx_word' id='word_1_297' title='bbox 1566 1980 1864 2025; x_wconf 56' lang='lat' dir='ltr'>,suscipiendam</span> 
     </span>
     <span class='ocr_line' id='line_1_37' title="bbox 535 2031 1861 2084; baseline -0.002 -13"><span class='ocrx_word' id='word_1_298' title='bbox 535 2043 632 2071; x_wconf 87' lang='lat' dir='ltr'>eum</span> <span class='ocrx_word' id='word_1_299' title='bbox 648 2056 661 2075; x_wconf 79' lang='lat'>‚</span> <span class='ocrx_word' id='word_1_300' title='bbox 683 2032 752 2083; x_wconf 88' lang='lat' dir='ltr'>qui</span> <span class='ocrx_word' id='word_1_301' title='bbox 773 2033 959 2073; x_wconf 87' lang='lat' dir='ltr'>scandalo</span> <span class='ocrx_word' id='word_1_302' title='bbox 976 2032 1137 2074; x_wconf 85' lang='lat' dir='ltr'>futurus</span> <span class='ocrx_word' id='word_1_303' title='bbox 1153 2035 1206 2073; x_wconf 87' lang='lat' dir='ltr'>est</span> <span class='ocrx_word' id='word_1_304' title='bbox 1221 2033 1376 2080; x_wconf 88' lang='lat' dir='ltr'>Populo</span> <span class='ocrx_word' id='word_1_305' title='bbox 1389 2060 1401 2078; x_wconf 88' lang='lat'>‚</span> <span class='ocrx_word' id='word_1_306' title='bbox 1419 2046 1541 2084; x_wconf 75' lang='lat' dir='ltr'>quem</span> <span class='ocrx_word' id='word_1_307' title='bbox 1561 2033 1747 2080; x_wconf 76' lang='lat' dir='ltr'>exemplo</span> <span class='ocrx_word' id='word_1_308' title='bbox 1767 2031 1861 2070; x_wconf 82' lang='lat' dir='ltr'>:edi-</span> 
     </span>
     <span class='ocr_line' id='line_1_38' title="bbox 522 2083 1861 2137; baseline 0 -14"><span class='ocrx_word' id='word_1_309' title='bbox 522 2084 655 2124; x_wconf 65' lang='lat' dir='ltr'>,ficare</span> <span class='ocrx_word' id='word_1_310' title='bbox 686 2086 856 2126; x_wconf 85' lang='lat' dir='ltr'>deberet·</span> <span class='ocrx_word' id='word_1_311' title='bbox 872 2111 884 2131; x_wconf 88' lang='lat'>‚</span> <span class='ocrx_word' id='word_1_312' title='bbox 901 2088 939 2127; x_wconf 54' lang='grc' dir='ltr'>ἃ</span> <span class='ocrx_word' id='word_1_313' title='bbox 957 2086 1083 2127; x_wconf 89' lang='lat' dir='ltr'>libere</span> <span class='ocrx_word' id='word_1_314' title='bbox 1101 2085 1293 2137; x_wconf 86' lang='lat' dir='ltr'>nequiret</span> <span class='ocrx_word' id='word_1_315' title='bbox 1308 2087 1607 2136; x_wconf 84' lang='lat' dir='ltr'>reprehendere</span> <span class='ocrx_word' id='word_1_316' title='bbox 1623 2085 1726 2125; x_wconf 84' lang='lat' dir='ltr'>vitia</span> <span class='ocrx_word' id='word_1_317' title='bbox 1739 2109 1752 2130; x_wconf 87' lang='lat'>‚</span> <span class='ocrx_word' id='word_1_318' title='bbox 1770 2083 1861 2136; x_wconf 89' lang='lat' dir='ltr'>qui-</span> 
     </span>
     <span class='ocr_line' id='line_1_39' title="bbox 533 2138 1120 2189; baseline 0.005 -12"><span class='ocrx_word' id='word_1_319' title='bbox 533 2138 606 2177; x_wconf 85' lang='lat' dir='ltr'>bus</span> <span class='ocrx_word' id='word_1_320' title='bbox 624 2138 704 2185; x_wconf 85' lang='lat' dir='ltr'>ipse</span> <span class='ocrx_word' id='word_1_321' title='bbox 733 2138 1020 2189; x_wconf 88' lang='lat' dir='ltr'>coinquinatus</span> <span class='ocrx_word' id='word_1_322' title='bbox 1042 2140 1093 2179; x_wconf 89' lang='lat' dir='ltr'>est</span> <span class='ocrx_word' id='word_1_323' title='bbox 1109 2169 1120 2180; x_wconf 92' lang='lat'>.</span> 
     </span>
    </p>

    <p class='ocr_par' dir='ltr' id='par_1_3' title="bbox 482 2187 1865 2804">
     <span class='ocr_line' id='line_1_40' title="bbox 482 2187 1861 2242; baseline -0.001 -13"><span class='ocrx_word' id='word_1_324' title='bbox 482 2189 683 2233; x_wconf 87' lang='lat' dir='ltr'>Defendit</span> <span class='ocrx_word' id='word_1_325' title='bbox 704 2190 863 2238; x_wconf 88' lang='lat' dir='ltr'>insuper</span> <span class='ocrx_word' id='word_1_326' title='bbox 881 2192 1057 2232; x_wconf 89' lang='lat' dir='ltr'>Grisolia</span> <span class='ocrx_word' id='word_1_327' title='bbox 1074 2216 1087 2235; x_wconf 89' lang='lat'><strong>‚</strong></span> <span class='ocrx_word' id='word_1_328' title='bbox 1118 2189 1225 2242; x_wconf 85' lang='lat' dir='ltr'>quod</span> <span class='ocrx_word' id='word_1_329' title='bbox 1243 2191 1322 2241; x_wconf 87' lang='lat' dir='ltr'>ipse</span> <span class='ocrx_word' id='word_1_330' title='bbox 1340 2189 1518 2240; x_wconf 84' lang='lat' dir='ltr'>praeferri</span> <span class='ocrx_word' id='word_1_331' title='bbox 1533 2188 1675 2230; x_wconf 88' lang='lat' dir='ltr'>debuit</span> <span class='ocrx_word' id='word_1_332' title='bbox 1699 2187 1861 2238; x_wconf 87' lang='lat' dir='ltr'>Angelo</span> 
     </span>
     <span class='ocr_line' id='line_1_41' title="bbox 534 2241 1864 2291; baseline -0.001 -10"><span class='ocrx_word' id='word_1_333' title='bbox 534 2241 774 2291; x_wconf 84' lang='lat' dir='ltr'>Lamboglia</span> <span class='ocrx_word' id='word_1_334' title='bbox 791 2244 951 2283; x_wconf 86' lang='lat' dir='ltr'>ratione</span> <span class='ocrx_word' id='word_1_335' title='bbox 966 2244 1146 2283; x_wconf 85' lang='lat' dir='ltr'>scientiae</span> <span class='ocrx_word' id='word_1_336' title='bbox 1162 2267 1174 2287; x_wconf 91' lang='lat'>‚</span> <span class='ocrx_word' id='word_1_337' title='bbox 1206 2245 1243 2283; x_wconf 62' lang='grc' dir='ltr'>ὃς</span> <span class='ocrx_word' id='word_1_338' title='bbox 1260 2243 1505 2283; x_wconf 87' lang='lat' dir='ltr'>meritorum</span> <span class='ocrx_word' id='word_1_339' title='bbox 1522 2268 1535 2288; x_wconf 85' lang='lat'>,</span> <span class='ocrx_word' id='word_1_340' title='bbox 1554 2243 1682 2283; x_wconf 87' lang='lat' dir='ltr'>etiam</span> <span class='ocrx_word' id='word_1_341' title='bbox 1696 2241 1864 2290; x_wconf 83' lang='lat' dir='ltr'>praecisi-</span> 
     </span>
     <span class='ocr_line' id='line_1_42' title="bbox 535 2292 1865 2348; baseline -0.001 -14"><span class='ocrx_word' id='word_1_342' title='bbox 535 2306 588 2334; x_wconf 89' lang='lat' dir='ltr'>ve</span> <span class='ocrx_word' id='word_1_343' title='bbox 611 2294 659 2331; x_wconf 84' lang='lat' dir='ltr'>ab</span> <span class='ocrx_word' id='word_1_344' title='bbox 676 2292 788 2334; x_wconf 87' lang='lat' dir='ltr'>illius</span> <span class='ocrx_word' id='word_1_345' title='bbox 806 2295 1084 2336; x_wconf 86' lang='lat' dir='ltr'>diffamatione</span> <span class='ocrx_word' id='word_1_346' title='bbox 1105 2325 1114 2334; x_wconf 89' lang='lat'><strong>.</strong></span> <span class='ocrx_word' id='word_1_347' title='bbox 1145 2295 1291 2348; x_wconf 80' lang='lat' dir='ltr'>Qioad</span> <span class='ocrx_word' id='word_1_348' title='bbox 1310 2295 1524 2336; x_wconf 86' lang='lat' dir='ltr'>scientiam</span> <span class='ocrx_word' id='word_1_349' title='bbox 1541 2295 1677 2345; x_wconf 78' lang='lat' dir='ltr'>porro,</span> <span class='ocrx_word' id='word_1_350' title='bbox 1696 2293 1865 2333; x_wconf 77' lang='lat' dir='ltr'>exhibet</span> 
     </span>
     <span class='ocr_line' id='line_1_43' title="bbox 534 2346 1860 2399; baseline 0.001 -14"><span class='ocrx_word' id='word_1_351' title='bbox 534 2346 579 2385; x_wconf 86' lang='lat' dir='ltr'>in</span> <span class='ocrx_word' id='word_1_352' title='bbox 597 2346 827 2386; x_wconf 86' lang='lat' dir='ltr'>Summario</span> <span class='ocrx_word' id='word_1_353' title='bbox 855 2348 940 2388; x_wconf 87' lang='lat' dir='ltr'>suas</span> <span class='ocrx_word' id='word_1_354' title='bbox 958 2373 970 2393; x_wconf 88' lang='lat'><strong>‚</strong></span> <span class='ocrx_word' id='word_1_355' title='bbox 998 2348 1137 2399; x_wconf 88' lang='lat' dir='ltr'>suique</span> <span class='ocrx_word' id='word_1_356' title='bbox 1152 2347 1453 2397; x_wconf 85' lang='lat' dir='ltr'>Competitoris</span> <span class='ocrx_word' id='word_1_357' title='bbox 1480 2347 1749 2396; x_wconf 80' lang='lat' dir='ltr'>responsiones</span> <span class='ocrx_word' id='word_1_358' title='bbox 1779 2346 1860 2386; x_wconf 59' lang='lat' dir='ltr'>de,</span> 
     </span>
     <span class='ocr_line' id='line_1_44' title="bbox 535 2397 1865 2449; baseline -0.003 -11"><span class='ocrx_word' id='word_1_359' title='bbox 535 2397 688 2446; x_wconf 83' lang='lat' dir='ltr'>scripto</span> <span class='ocrx_word' id='word_1_360' title='bbox 702 2398 819 2438; x_wconf 89' lang='lat' dir='ltr'>datas</span> <span class='ocrx_word' id='word_1_361' title='bbox 836 2398 875 2437; x_wconf 92' lang='lat' dir='ltr'>in</span> <span class='ocrx_word' id='word_1_362' title='bbox 892 2401 1057 2449; x_wconf 54' lang='lat' dir='ltr'>peracto</span> <span class='ocrx_word' id='word_1_363' title='bbox 1073 2401 1257 2440; x_wconf 87' lang='lat' dir='ltr'>examine</span> <span class='ocrx_word' id='word_1_364' title='bbox 1275 2424 1289 2445; x_wconf 84' lang='lat'>‚</span> <span class='ocrx_word' id='word_1_365' title='bbox 1319 2409 1365 2439; x_wconf 90' lang='lat' dir='ltr'>ut</span> <span class='ocrx_word' id='word_1_366' title='bbox 1380 2401 1462 2440; x_wconf 87' lang='lat' dir='ltr'>EE.</span> <span class='ocrx_word' id='word_1_367' title='bbox 1481 2399 1556 2440; x_wconf 87' lang='lat' dir='ltr'>PP.</span> <span class='ocrx_word' id='word_1_368' title='bbox 1573 2398 1759 2445; x_wconf 86' lang='lat' dir='ltr'>judicent</span> <span class='ocrx_word' id='word_1_369' title='bbox 1774 2411 1865 2438; x_wconf 46' lang='lat' dir='ltr'>maq-</span> 
     </span>
     <span class='ocr_line' id='line_1_45' title="bbox 530 2451 1863 2504; baseline 0.002 -16"><span class='ocrx_word' id='word_1_370' title='bbox 530 2453 665 2497; x_wconf 86' lang='lat' dir='ltr'>jorem</span> <span class='ocrx_word' id='word_1_371' title='bbox 679 2451 917 2492; x_wconf 86' lang='lat' dir='ltr'>alterutrius</span> <span class='ocrx_word' id='word_1_372' title='bbox 933 2451 1179 2492; x_wconf 59' lang='lat' dir='ltr'>dor‘trinams</span> <span class='ocrx_word' id='word_1_373' title='bbox 1197 2453 1235 2492; x_wconf 73' lang='grc' dir='ltr'>δε</span> <span class='ocrx_word' id='word_1_374' title='bbox 1248 2453 1379 2504; x_wconf 85' lang='lat' dir='ltr'>quoad</span> <span class='ocrx_word' id='word_1_375' title='bbox 1395 2453 1561 2496; x_wconf 86' lang='lat' dir='ltr'>merita,</span> <span class='ocrx_word' id='word_1_376' title='bbox 1574 2452 1684 2489; x_wconf 88' lang='lat' dir='ltr'>suam</span> <span class='ocrx_word' id='word_1_377' title='bbox 1701 2451 1863 2499; x_wconf 84' lang='lat' dir='ltr'>probari</span> 
     </span>
     <span class='ocr_line' id='line_1_46' title="bbox 531 2501 1862 2553; baseline -0.001 -9"><span class='ocrx_word' id='word_1_378' title='bbox 531 2511 727 2544; x_wconf 86' lang='lat' dir='ltr'>autumat</span> <span class='ocrx_word' id='word_1_379' title='bbox 741 2504 1005 2552; x_wconf 59' lang='lat' dir='ltr'>praestantiam</span> <span class='ocrx_word' id='word_1_380' title='bbox 1039 2517 1099 2553; x_wconf 22' lang='lat' dir='ltr'>ex*</span> <span class='ocrx_word' id='word_1_381' title='bbox 1115 2504 1375 2544; x_wconf 87' lang='lat' dir='ltr'>documentis</span> <span class='ocrx_word' id='word_1_382' title='bbox 1399 2505 1604 2544; x_wconf 76' lang='lat' dir='ltr'>occasione</span> <span class='ocrx_word' id='word_1_383' title='bbox 1633 2501 1862 2544; x_wconf 88' lang='lat' dir='ltr'>Concursus</span> 
     </span>
     <span class='ocr_line' id='line_1_47' title="bbox 532 2555 1862 2607; baseline 0 -12"><span class='ocrx_word' id='word_1_384' title='bbox 532 2555 726 2595; x_wconf 79' lang='lat' dir='ltr'>exhibitis</span> <span class='ocrx_word' id='word_1_385' title='bbox 742 2582 755 2601; x_wconf 85' lang='lat'><strong>‚</strong></span> <span class='ocrx_word' id='word_1_386' title='bbox 775 2556 812 2596; x_wconf 84' lang='lat'>&amp;</span> <span class='ocrx_word' id='word_1_387' title='bbox 826 2569 850 2595; x_wconf 86' lang='lat' dir='ltr'>a</span> <span class='ocrx_word' id='word_1_388' title='bbox 860 2555 1120 2598; x_wconf 83' lang='lat' dir='ltr'>Cancellario</span> <span class='ocrx_word' id='word_1_389' title='bbox 1132 2557 1362 2607; x_wconf 85' lang='lat' dir='ltr'>Episcopali</span> <span class='ocrx_word' id='word_1_390' title='bbox 1377 2557 1418 2595; x_wconf 88' lang='lat' dir='ltr'>in</span> <span class='ocrx_word' id='word_1_391' title='bbox 1431 2557 1650 2605; x_wconf 87' lang='lat' dir='ltr'>Epitomen</span> <span class='ocrx_word' id='word_1_392' title='bbox 1665 2556 1862 2603; x_wconf 54' lang='lat' dir='ltr'>redactis,</span> 
     </span>
     <span class='ocr_line' id='line_1_48' title="bbox 530 2606 1861 2654; baseline 0.001 -8"><span class='ocrx_word' id='word_1_393' title='bbox 530 2606 647 2654; x_wconf 77' lang='lat' dir='ltr'>iuxta</span> <span class='ocrx_word' id='word_1_394' title='bbox 657 2606 829 2648; x_wconf 85' lang='lat' dir='ltr'>formam</span> <span class='ocrx_word' id='word_1_395' title='bbox 846 2608 1042 2649; x_wconf 88' lang='lat' dir='ltr'>traditam</span> <span class='ocrx_word' id='word_1_396' title='bbox 1057 2609 1098 2650; x_wconf 90' lang='lat' dir='ltr'>in</span> <span class='ocrx_word' id='word_1_397' title='bbox 1112 2609 1413 2654; x_wconf 81' lang='lat' dir='ltr'>Constitutione</span> <span class='ocrx_word' id='word_1_398' title='bbox 1431 2608 1519 2647; x_wconf 82' lang='lat' dir='ltr'>Cum</span> <span class='ocrx_word' id='word_1_399' title='bbox 1533 2609 1631 2647; x_wconf 80' lang='lat' dir='ltr'>illud</span> <span class='ocrx_word' id='word_1_400' title='bbox 1646 2612 1861 2654; x_wconf 64' lang='lat' dir='ltr'>68.5.Eve-</span> 
     </span>
     <span class='ocr_line' id='line_1_49' title="bbox 530 2660 1861 2716; baseline 0.005 -22"><span class='ocrx_word' id='word_1_401' title='bbox 530 2661 656 2716; x_wconf 31' lang='grc' dir='ltr'>,ἕωσπερ</span> <span class='ocrx_word' id='word_1_402' title='bbox 667 2669 756 2716; x_wconf 67' lang='grc' dir='ltr'>ιονα.ι</span> <span class='ocrx_word' id='word_1_403' title='bbox 771 2675 803 2700; x_wconf 82' lang='grc' dir='ltr'>ι.</span> <span class='ocrx_word' id='word_1_404' title='bbox 837 2662 916 2702; x_wconf 85' lang='lat' dir='ltr'>san.</span> <span class='ocrx_word' id='word_1_405' title='bbox 932 2673 1058 2704; x_wconf 87' lang='lat' dir='ltr'>mem.</span> <span class='ocrx_word' id='word_1_406' title='bbox 1072 2662 1284 2702; x_wconf 63' lang='lat' dir='ltr'>Benedicti</span> <span class='ocrx_word' id='word_1_407' title='bbox 1312 2660 1428 2702; x_wconf 89' lang='lat' dir='ltr'>XIV.</span> <span class='ocrx_word' id='word_1_408' title='bbox 1445 2685 1460 2705; x_wconf 90' lang='lat'>‚</span> <span class='ocrx_word' id='word_1_409' title='bbox 1488 2660 1633 2712; x_wconf 88' lang='lat' dir='ltr'>quibus</span> <span class='ocrx_word' id='word_1_410' title='bbox 1665 2663 1819 2701; x_wconf 87' lang='lat' dir='ltr'>constat</span> <span class='ocrx_word' id='word_1_411' title='bbox 1842 2685 1861 2707; x_wconf 85' lang='lat'>‚</span> 
     </span>
     <span class='ocr_line' id='line_1_50' title="bbox 535 2708 1864 2804; baseline -0.001 -51"><span class='ocrx_word' id='word_1_412' title='bbox 535 2708 671 2762; x_wconf 60' lang='lat' dir='ltr'>susum</span> <span class='ocrx_word' id='word_1_413' title='bbox 685 2710 862 2766; x_wconf 70' lang='lat' dir='ltr'>Griselia</span> <span class='ocrx_word' id='word_1_414' title='bbox 877 2722 1048 2758; x_wconf 81' lang='lat' dir='ltr'>aetatem.</span> <span class='ocrx_word' id='word_1_415' title='bbox 1057 2726 1175 2767; x_wconf 80' lang='lat' dir='ltr'>agere</span> <span class='ocrx_word' id='word_1_416' title='bbox 1192 2717 1245 2760; x_wconf 85' lang='lat'>56</span> <span class='ocrx_word' id='word_1_417' title='bbox 1247 2725 1458 2757; x_wconf 80' lang='lat' dir='ltr'>‚annorum</span> <span class='ocrx_word' id='word_1_418' title='bbox 1472 2736 1487 2759; x_wconf 66' lang='lat'><em>2</em></span> <span class='ocrx_word' id='word_1_419' title='bbox 1504 2715 1542 2757; x_wconf 74' lang='grc' dir='ltr'>δε</span> <span class='ocrx_word' id='word_1_420' title='bbox 1559 2715 1697 2760; x_wconf 81' lang='lat' dir='ltr'>laurea</span> <span class='ocrx_word' id='word_1_421' title='bbox 1712 2714 1864 2804; x_wconf 67' lang='grc' dir='ltr'><em>Βοέὶεῖς</em></span> 
     </span>
    </p>

    <p class='ocr_par' dir='ltr' id='par_1_4' title="bbox 1477 2773 1864 2805">
     <span class='ocr_line' id='line_1_51' title="bbox 1477 2773 1864 2805; baseline 0.003 -1"><span class='ocrx_word' id='word_1_422' title='bbox 1477 2775 1484 2784; x_wconf 94' lang='grc'><strong>“</strong></span> <span class='ocrx_word' id='word_1_423' title='bbox 1784 2776 1826 2805; x_wconf 82' lang='lat' dir='ltr'>ra</span> <span class='ocrx_word' id='word_1_424' title='bbox 1848 2773 1864 2800; x_wconf 78' lang='grc' dir='ltr'>Ι</span> 
     </span>
    </p>
   </div>
  </div>
 </body>
</html>
