1934 2954
427 202 429 205 .
473 178 492 205 Ξ

469 179 728 257 Pigsbvteris
747 240 759 260 ‚
788 226 889 265 quos
905 210 1096 253 decrevit
1112 207 1273 253 teneri,
1294 219 1386 247 cum
1406 206 1701 247 succefforibus
1719 206 1817 249 suis,

469 274 509 309 in
518 278 733 321 perpetuum
751 270 868 306 eidem
884 266 1048 314 Ecclcfiae
1062 267 1102 302 S.
1124 261 1282 302 Nicolai
1300 286 1313 305 ‚
1342 263 1456 299 tertia
1472 261 1708 301 hebdomada,
1727 270 1819 297 tam-

470 337 578 374 quam
595 321 824 372 Cappellanos
841 320 1027 370 deservire
1043 343 1056 363 ‚
1083 330 1125 354 ac
1139 314 1241 353 illtus
1260 314 1566 353 parochianorum
1586 313 1822 350 Animarum

473 390 597 416 curam
614 374 823 429 hujusmodi
832 386 961 422 gerere
975 396 988 414 ‚
1018 374 1062 414 εἰ]
1075 381 1242 407 exercere
1261 391 1274 412 ,
1308 382 1351 405 ac
1367 368 1485 404 omnia
1499 392 1511 410 ‚
1542 365 1731 416 &fingula
1747 375 1823 402 tam

472 429 660 468 ordinaria
676 453 689 472 ‚
719 440 826 479 quam
842 425 1142 464 extraordinaria
1162 434 1267 458 onera
1288 422 1406 458 eidem
1422 419 1584 467 Ecclefiae
1599 422 1639 457 S.
1662 416 1823 456 Nicolai

474 483 717 521 mcumbentia
730 491 793 531 pro
810 481 1007 518 medietate
1014 477 1147 525 subire
1174 487 1248 511 una
1265 487 1345 511 cum
1362 473 1505 522 Joanne
1521 474 1711 509 Dominico
1728 470 1820 507 Ab-

465 536 594 586 stemio
607 534 777 583 praedifzo
793 559 805 580 ‚
825 541 937 582 acpro
953 539 1110 580 tempore
1123 528 1296 578 existente
1308 529 1411 576 ipsius
1428 524 1592 574 Ecclefiae
1605 526 1645 563 S.
1661 523 1824 564 Nicolai

476 588 627 626 Reezore
647 615 657 627 .

423 632 459 677 Is
478 649 619 680 autem
636 639 872 690 Praepofitus
886 638 1059 688 joannes
1075 631 1322 674 Dominicus
1337 629 1564 670 Abstemius
1583 657 1595 676 ‚
1612 632 1729 677 cujus
1743 643 1828 671 me-

476 694 688 732 minerunt
704 693 856 732 Literae
875 689 1122 740 Apostolicae
1153 686 1273 727 Pauli
1296 684 1395 730 III.‚
1427 684 1466 722 in
1501 685 1694 724 Pastorali
1722 685 1829 726 Vifi-

476 746 638 785 tatione
656 746 821 795 peracffa
841 754 944 783 anno
965 756 1034 789 157
1048 757 1078 780 1.
1109 739 1272 780 afl‘eruit
1291 764 1304 784 ‚
1329 749 1470 778 curam
1484 738 1730 777 Animarum
1748 762 1761 781 ,
1780 736 1830 777 ad

476 798 652 838 formam
668 797 890 837 earundem
906 795 1141 834 Literarum
1158 818 1170 838 ,
1202 792 1444 831 alternatim
1475 791 1658 832 exerceri
1676 791 1832 830 duobus

474 852 675 891 mensibus
705 862 728 888 a
745 849 958 898 Praepofito
973 872 986 891 ‚
1019 848 1058 887 ἒς
1087 859 1160 896 per
1176 844 1358 884 mensem
1386 856 1407 882 a
1438 844 1601 894 lingulis
1632 843 1833 890 adjunffis

475 903 738 951 Presbyteris
770 932 780 940 .
829 901 975 940 Fertur
1004 909 1202 949 praeterea
1219 922 1233 943 ‚
1259 908 1332 946 pro
1363 897 1547 936 Ecclesia:
1576 896 1831 936 Parochialis

476 955 670 995 oneribus
687 953 868 993 ferendis
900 950 1094 1004 quasdam
1113 950 1375 1000 Praepofitum
1396 949 1505 989 inter
1522 976 1534 994 ‚
1564 950 1601 989 ἃ
1616 949 1838 999 Cappella-

477 1020 551 1047 nos
569 1008 694 1046 initas
713 1003 829 1046 fuisse
850 1006 1151 1045 conventiones
1169 1016 1276 1043 auno
1297 1015 1410 1050 1572.
1428 1027 1441 1047 ‚
1473 1012 1645 1053 quarum
1660 1012 1836 1042 tamen-2

477 1073 559 1099 non
577 1061 793 1100 exhibetur
814 1060 1051 1109 exemplum
1070 1088 1079 1097 .
1101 1057 1266 1097 Constat
1283 1064 1425 1096 autem
1442 1055 1509 1094 die
1531 1053 1698 1104 14.Julii
1718 1060 1834 1102 1578.

479 1113 646 1153 Sacram
661 1112 1041 1162 congregationem
1060 1110 1356 1160 Episcoporum
1372 1135 1385 1154 ,
1416 1110 1455 1149 ὃς
1489 1107 1755 1157 Regularium
1774 1120 1841 1146 re-

479 1165 672 1213 scripsisse
686 1191 699 1210 ,
727 1165 1004 1214 Cappcllauos
1019 1164 1161 1213 vigore
1180 1161 1443 1212 praefatarum
1461 1161 1601 1200 Litera
1611 1171 1700 1198 rum
1737 1159 1842 1199 Pau-

481 1219 514 1259 li
531 1218 608 1259 ΙΙΙ.
640 1219 691 1258 ad
709 1229 946 1258 communes
966 1217 1157 1266 expensas
1175 1216 1312 1256 teneri
1332 1241 1345 1259 ‚
1378 1216 1554 1264 singulos
1571 1226 1642 1262 pro
1661 1222 1836 1265 quarta.)

487 1281 635 1323 parte:
661 1273 700 1312 δι’
716 1283 856 1311 curam
870 1270 1117 1310 Animarum
1142 1270 1189 1308 ab
1201 1269 1389 1309 omuibus
1422 1268 1644 1307 insolidum
1672 1268 1840 1307 subeun-

487 1325 583 1364 dam
599 1324 676 1365 effe
696 1351 709 1370 ‚
726 1337 805 1363 non
821 1325 1002 1363 obstante
1021 1323 1368 1362 hebdomadarum
1386 1320 1584 1361 divisione
1603 1321 1713 1360 inter
1731 1320 1842 1369 ipsos

482 1386 691 1417 conventa
708 1404 718 1416 0
752 1376 833 1415 Sub
852 1376 1022 1416 initium
1038 1386 1176 1416 tamen
1209 1376 1328 1421 hujus
1362 1374 1498 1415 saeculi
1524 1385 1612 1412 mos
1647 1382 1735 1413 erat
1756 1399 1768 1418 ,
1798 1378 1849 1410 ut

485 1432 653 1470 testatus
671 1431 723 1469 est
735 1429 906 1479 Jacobus
923 1428 1134 1468 Antonius
1163 1427 1415 1477 Chiappinus
1443 1441 1493 1468 eo
1515 1435 1704 1476 tempore
1735 1427 1846 1466 Prae-

481 1484 637 1533 pofitus
654 1509 666 1528 ‚
697 1481 805 1533 quod
822 1482 1119 1522 Ecclefiasticas
1145 1480 1390 1521 Funffione>
1421 1480 1568 1531 singuli
1596 1475 1842 1528 Cappellani

484 1545 559 1585 ‘per
575 1536 758 1576 mensem
775 1535 940 1574 obibant
955 1560 968 1582 ‚
1001 1534 1241 1581 Praepofitus
1271 1544 1411 1574 autem
1441 1535 1597 1573 duobus
1616 1532 1814 1571 menfibus
1833 1553 1848 1574 ‚

484 1596 637 1638 praeter
665 1587 931 1627 solemniores
959 1587 1280 1637 quibuscumque
1312 1588 1512 1627 mensibus
1550 1593 1819 1624 occurrentes
1836 1593 1848 1619 :

491 1641 687 1691 quodque
715 1639 871 1682 fructus
901 1640 1096 1679 censuum
1115 1664 1128 1685 ‚
1157 1640 1196 1678 ὃς
1230 1640 1429 1678 nonnulla
1461 1639 1670 1677 Funerum
1688 1636 1851 1676 emolu-

489 1702 632 1734 menta
657 1694 716 1732 ita
751 1691 1072 1744 dividebantur,
1103 1700 1148 1730 ut
1171 1691 1332 1741 integra
1359 1691 1562 1736 medietas
1591 1690 1806 1741 Praeposito
1835 1713 1851 1734 ‚

490 1745 692 1796 quadrans
709 1748 850 1784 autem
871 1743 1040 1792 singulis
1060 1743 1337 1792 —Cappellanis
1350 1744 1589 1792 obtingeret
1606 1768 1618 1787 ‚
1649 1741 1850 1794 parique,

492 1797 658 1838 ratione
682 1796 976 1836 communibus
1008 1797 1188 1844 expeufis
1203 1796 1544 1835 contribuebant:
1574 1794 1769 1833 Decimas
1784 1807 1857 1833 ve·-

493 1863 540 1891 ro
559 1859 735 1900 quatuor
767 1847 992 1899 quibusque
1014 1847 1130 1885 annis
1162 1847 1222 1885 bis
1240 1849 1481 1896 Praepofitus
1500 1874 1512 1893 ‚
1539 1847 1666 1888 semel
1683 1855 1854 1886 autem..-

491 1903 641 1952 finguli
656 1900 904 1950 Cappellani
922 1899 1208 1950 percipiebant
1222 1924 1234 1945 ‚
1250 1903 1288 1941 ἃ
1303 1901 1478 1950 quilibet
1494 1901 1738 1941 Decimator
1751 1910 1855 1938 onus

495 1955 658 1995 ferebat
676 1953 939 2004 expensarum
969 1964 1041 2001 pro
1060 1952 1368 1992 Concionatore
1388 1979 1401 1999 ‚
1436 1955 1474 1993 Sc
1490 1966 1562 2001 pro
1587 1952 1786 1992 Caudelis
1814 1951 1856 1989 in

494 2006 803 2047 Purificationis
826 2005 938 2045 Festo
954 2004 1240 2044 distribuendis
1258 2034 1268 2044 .
1297 2006 1357 2044 At
1375 2006 1596 2056 Episcopus
1614 2004 1854 2050 Battiste11i‚

493 2060 595 2099 dum
614 2060 803 2099 Ecclefiae
819 2057 982 2107 Ripanae
1013 2065 1186 2105 praeerat
1203 2083 1216 2102 ‚
1250 2059 1445 2098 testatum
1477 2058 1653 2110 reliquit
1684 2058 1723 2097 in
1756 2056 1855 2096 aetis

495 2112 756 2151 Vifitationis
786 2111 961 2159 expletae
994 2121 1100 2149 anno
1122 2115 1234 2157 1706.
1253 2133 1267 2154 ‚
1294 2111 1401 2161 quod
1417 2110 1564 2151 Curati
1583 2107 1853 2154 praebendati,

454 2167 456 2171 ’
494 2177 579 2216 quo
594 2165 764 2204 nomine
790 2168 917 2203 voca‘t
942 2162 1157 2213 ‘praedic-‘tos
1171 2162 1445 2212 Cappellanos
1467 2190 1480 2210 ‚
1515 2179 1588 2203 una
1606 2177 1688 2203 cum
1711 2164 1855 2211 Praepo-

488 2220 561 2270 fito
587 2217 733 2269 infimul
745 2239 759 2261 9
793 2218 837 2260 ὠ
851 2215 1045 2266 infilidum
1059 2218 1298 2256 Animarum
1313 2230 1438 2256 curam
1463 2227 1630 2256 exercent
1643 2243 1656 2262 ,
1691 2226 1855 2268 quamvts

491 2272 679 2322 peculiari,
706 2271 807 2313 modo
821 2269 924 2308 illius
942 2270 1157 2308 exercitium
1174 2300 1178 2303 .
1183 2278 1252 2319 per
1273 2269 1404 2317 menses
1424 2274 1537 2309 .inter
1545 2270 1626 2321 sese
1641 2265 1820 2307 alternent
1840 2289 1852 2311 ,

498 2335 624 2375 nempe
637 2324 849 2374 Praepfftus
871 2331 939 2372 per
952 2325 1054 2367 :duos
1074 2347 1087 2368 ‚
1120 2324 1164 2366 ὠ·
1189 2324 1430 2362 Praebendati
1453 2325 1590 2374 finguli
1614 2319 1680 2374 ‘per
1695 2317 1854 2370 fingulos

503 2379 638 2427 menses
650 2406 663 2425 ‚
679 2377 815 2428 afisque-
827 2389 865 2414 eo
882 2377 1112 2425 quodtamen
1129 2376 1174 2412 ah
1185 2376 1308 2413 eodem
1322 2381 1497 2416 exercitio
1523 2378 1619 2417 ullas
1637 2383 1794 2425 anquam
1810 2370 1855 2420 se

500 2442 714 2471 extraneum
724 2455 739 2474 a
747 2430 818 2479 seu
833 2426 1166 2479 exemptumfact'at
1184 2457 1194 2468 .
1412 2433 1415 2436 '
1703 2449 1709 2457 .

449 2480 573 2525 Anno
587 2494 727 2525 tamen
747 2496 862 2532 1723.
884 2483 1021 2522 delata
1039 2482 1093 2520 est
1108 2481 1159 2521 ad
1176 2483 1279 2522 haue
1298 2481 1463 2522 Sacram
1481 2478 1855 2531 Congregationem

501 2537 781 2577 controversia
813 2539 859 2574 ab
872 2538 1020 2585 antiqu&
1046 2538 1201 2585 tempore
1218 2538 1489 2580 excitata2'ut
1511 2531 1659 2573 retulit
1685 2530 1856 2579 Episco-

505 2600 580 2638 pus
598 2612 611 2631 ‚
628 2588 1015 2639 interzPraepofitum
1034 2611 1052 2633 ,
1065 2589 1103 2628 8<
1121 2588 1396 2638 Cappeuanos
1411 2600 1426 2628 ,ε
1457 2587 1496 2626 8(
1513 2584 1686 2634 primum
1706 2583 1858 2623 descri-

505 2649 579 2690 pta
592 2641 674 2679 fuit
693 2644 733 2682 in
750 2642 870 2681 Folio
884 2640 1229 2691 congregationi-s
1263 2640 1410 2680 habitae
1438 2638 1506 2677 die
1517 2637 1648 2687 prima
1673 2636 1856 2676 Decem-

503 2691 585 2733 bris
604 2704 673 2738 17²-
687 2705 717 2733 τ.
740 2705 835 2732 cum
852 2694 1117 2744 sequentibus
1129 2693 1276 2732 Dubiis
1295 2704 1312 2730 ι
1351 2706 1356 2710 ·
1393 2706 1396 2708 ·
1427 2696 1429 2698 ’

606 2744 639 2785 1.
690 2747 760 2787 An
778 2746 873 2785 Cura
889 2749 1116 2788 Animarum
1140 2755 1218 2784 tam
1230 2742 1424 2784 habitualis
1438 2765 1453 2786 ‚
1483 2756 1590 2792 quam
1605 2741 1845 2830 αῑὶκαῖὶὲίνμι

1767 2805 1805 2830 c·
