1934 2954
504 138 521 164 ι
557 126 579 162 8
1076 158 1083 163 .

496 137 552 217 ng
569 173 732 226 peraeta
760 187 783 214 a
802 173 988 214 Ministro
1004 170 1257 211 Provinciali
1284 168 1489 221 conquesti
1515 167 1682 211 fuiffent
1713 170 1840 213 Soda-

497 230 563 270 les
582 228 862 268 Immaculatae
881 226 1174 277 Conceptionis
1192 251 1203 270 ,
1219 225 1258 265 8(
1273 223 1519 265 Sanffiffimi
1536 224 1708 271 Rosarii,
1726 225 1836 276 quod

502 281 678 323 minime
693 281 1001 330 applicarentur
1018 277 1143 319 Miffa:
1160 277 1302 328 primis
1314 302 1328 322 ‚
1348 278 1385 316 Sc
1401 278 1587 316 secundis
1602 278 1836 319 Dominic1s

499 335 727 382 cujuslibet
743 335 887 374 menfis
909 334 1094 375 canendae
1126 332 1269 381 vigore
1299 330 1399 369 dicti
1416 330 1679 371 Instrumenti
1694 344 1709 371 5
1739 331 1835 370 ideo

498 387 877 435 conventualium,
894 389 932 428 Sc
950 386 1217 427 Confratrum
1236 383 1401 422 nomine
1423 394 1562 431 preces
1581 385 1727 422 oblatae
1744 384 1840 422 sunt

500 442 595 483 huic
630 441 758 480 Sacrae
773 439 1096 492 Congregationi
1113 462 1127 482 ,
1159 437 1302 489 quibus
1333 438 1575 485 petebatur,
1601 445 1646 476 ut
1673 435 1839 487 quaestio

503 494 706 545 praetensae
724 494 1014 541 applicationis
1038 493 1225 542 supremo
1242 489 1320 528 EE.
1339 489 1432 528 VV.
1455 488 1612 534 judicio
1646 488 1840 528 definire-

501 557 573 588 tur
589 576 599 587 .
631 546 752 585 Datis
773 555 914 595 autem
943 545 1098 586 Literis
1116 544 1164 582 ad
1179 541 1549 591 Archiepiscopum
1565 540 1801 580 firmanum
1821 565 1842 587 ‚

503 601 590 646 ejus
621 597 912 639 Pro-Vicarius
942 598 1144 646 rescripsit
1170 619 1184 641 2
1217 595 1327 646 quod
1359 593 1427 631 illa
1460 592 1722 633 Instrumenti
1749 606 1839 632 ver·

503 654 547 691 ba
575 668 602 689 =
630 652 808 690 celebrare
836 675 849 695 φ
882 655 926 697 &¹
943 664 1090 691 cantare
1127 662 1155 683 =
1184 650 1357 688 valentur
1384 646 1578 695 intrinsece
1588 646 1838 696 praesbferrea·

503 705 780 755 applicationem
794 704 1018 754 Mifficrum,
1043 701 1230 755 quodque
1262 713 1377 739 annua
1410 699 1559 748 largitio
1590 701 1688 738 Cerae
1716 698 1806 737 albae
1823 721 1840 743 ,

504 771 547 795 ac
563 757 778 806 eleemosyna
784 758 974 806 scutorum
985 759 1055 796 otio
1072 757 1262 806 adaequaaeft
1277 753 1722 803 c07ffuetumstipendium,
1741 751 1837 801 quod

503 814 642 859 erogari
659 810 755 858 solet
771 818 834 858 pro
853 811 1008 859 discreto
1023 821 1169 848 numero
1185 807 1382 856 Mjffarnm
1405 806 1700 855 applicandorum
1726 813 1840 841 cum-r

503 873 613 901 cantu
628 863 726 909 infra
743 875 874 899 annum
889 893 898 902 .
927 863 979 902 Et
998 861 1167 901 Sodales
1187 860 1227 899 in
1241 860 1386 899 libello
1403 870 1495 898 cum
1514 857 1720 897 relatione
1734 854 1837 894 Pro-

502 913 662 952 Vicarii
680 912 907 953 transmiffo
938 914 1164 954 defendunt
1186 938 1199 957 ,
1228 923 1330 950 onus
1356 909 1648 962 applicationis
1678 909 1842 957 semper

507 966 640 1005 tacite
658 966 952 1015 comprehendi
970 967 1010 1006 in
1025 966 1207 1014 suscepta
1229 964 1483 1013 obligatione
1500 960 1740 1002 celebrandi
1757 986 1771 1007 ,
1800 959 1840 998 Sc

504 1017 678 1057 canendi
695 1018 882 1064 Miffam,
906 1019 976 1057 nisi
992 1020 1143 1058 constet
1164 1017 1214 1055 de
1229 1016 1433 1056 contraria
1459 1013 1739 1056 Benefaftoris
1771 1022 1845 1051 vo-

503 1070 668 1109 luntate
690 1092 702 1112 ‚
733 1078 777 1107 ut
798 1069 934 1108 innuit
952 1071 1193 1119 rescriptum
1208 1070 1326 1114 hujus
1353 1068 1481 1107 Sacrae
1497 1064 1842 1117 Congregationis

505 1120 670 1161 editum
686 1124 722 1157 in
740 1121 1014 1170 Compostellana
1036 1137 1049 1161 1
1061 1119 1204 1170 2.Julii
1224 1127 1335 1166 1760.
1351 1121 1445 1159 adl.
1465 1122 1656 1159 Dubium:
1689 1116 1843 1167 Magif-

507 1186 586 1224 que
606 1174 682 1211 hoc
699 1184 801 1211 onus
820 1173 1047 1219 injunctum
1076 1171 1208 1212 videri
1238 1172 1278 1211 in
1310 1173 1521 1222 pra-citato
1539 1171 1811 1209 Instrumento
1829 1193 1846 1215 ‚

505 1226 558 1264 ob
584 1226 849 1267 constitutam
867 1228 1175 1275 eleemosynam
1192 1225 1399 1264 scutorum
1422 1231 1458 1265 8.
1476 1251 1489 1270 ‚
1520 1224 1630 1263 ultra
1657 1220 1809 1262 Ceram
1826 1244 1845 1266 ‚

507 1289 581 1327 pro
600 1281 662 1316 26.
680 1276 810 1317 Missis
825 1279 1002 1318 cantatis
1017 1303 1032 1322 ‚
1062 1278 1164 1317 lioet
1190 1291 1239 1317 eo
1256 1287 1442 1328 tempore
1463 1274 1727 1324 eleemosyna
1754 1285 1846 1312 ma-

506 1330 639 1369 nualis
658 1341 736 1367 non
755 1330 969 1370 excederet
995 1331 1139 1370 obulos
1153 1330 1327 1381 quinque
1343 1356 1355 1376 ,
1384 1332 1422 1370 &
1437 1330 1509 1368 illa
1524 1325 1652 1367 Miffae
1666 1334 1849 1366 cantatae

503 1381 636 1432 usque
650 1381 698 1419 ad
717 1382 801 1420 haec
819 1390 1007 1429 tempora
1021 1395 1102 1422 non
1123 1381 1297 1422 excedat
1325 1383 1467 1422 obulos
1493 1381 1672 1430 viginti,
1696 1381 1845 1426 juxta...

506 1441 644 1473 taxam
665 1433 915 1481 synodalem
932 1459 945 1478 ‚
973 1435 1012 1475 Sc
1028 1434 1324 1480 depositionem
1353 1444 1527 1484 quatuor
1540 1432 1813 1472 Sacerdotum
1826 1444 1845 1472 5

509 1497 585 1525 nec
600 1485 774 1525 subdunt
788 1487 1011 1526 habendam
1027 1486 1103 1527 esse
1119 1487 1322 1526 rationem
1345 1487 1518 1526 aliarum
1548 1483 1808 1524 functionum
1828 1507 1846 1529 ‚

503 1539 533 1578 fi
550 1548 648 1588 quas
665 1537 806 1578 Patr—es
824 1539 1133 1579 Conventuales
1158 1540 1385 1579 obtendant
1402 1539 1565 1588 explere
1593 1534 1850 1577 consuevisse

508 1591 551 1630 in
570 1590 780 1647 Altaribus
796 1590 1180 1635 confraternitatis,
1200 1595 1322 1643 quum
1337 1595 1394 1631 hae
1411 1590 1728 1639 compensentur
1744 1601 1846 1629 cum

507 1643 601 1682 aliis
617 1642 822 1694 obsequiis
838 1656 861 1682 a
875 1643 1235 1684 confraternitate
1254 1645 1434 1684 exhiberi
1451 1643 1584 1684 solitis
1598 1668 1612 1689 ‚
1627 1642 1844 1683 occafione

511 1694 803 1735 festivitatum
832 1708 880 1736 ex
909 1698 1072 1748 propria
1095 1696 1351 1749 obligatione
1390 1696 1744 1737 Conventualibus
1770 1705 1845 1735 ce-

512 1748 799 1787 lebrandarum
816 1778 826 1788 .

456 1802 771 1844 Conventuales
789 1814 811 1840 e
827 1808 968 1842 contra
985 1803 1168 1852 pluribus
1184 1803 1441 1854 argumentis
1460 1800 1681 1842 excludere
1709 1800 1848 1841 nitun-

509 1861 577 1892 tur
590 1864 690 1892 onus
708 1853 998 1902 applicationis
1013 1870 1029 1897 ‚·
1057 1857 1095 1896 &⁷
1111 1856 1243 1905 primo
1260 1858 1355 1907 quia
1370 1856 1509 1896 cultus
1523 1854 1757 1899 Altarium‚
1774 1865 1851 1893 cu-

508 1907 573 1952 jus
593 1906 956 1956 prosequutionem
990 1908 1030 1947 in
1056 1905 1225 1958 praefato
1254 1908 1529 1949 Iusti-umento
1557 1907 1625 1957 ipfi
1652 1906 1850 1958 promise-

508 1965 607 1997 runt
622 1984 634 2003 ,
663 1970 742 1997 non
759 1958 798 1996 in
814 1959 909 1998 solis
925 1959 1055 2000 Miffis
1071 1959 1261 2000 Cantatis
1277 1961 1451 2001 consistit
1465 1985 1479 2004 ‚
1498 1960 1565 1999 sed
1583 1959 1623 1998 in
1640 1960 1734 2000 aliis
1749 1971 1849 2012 quo·

509 2022 588 2066 que
607 2010 776 2069 pietatis
791 2011 978 2060 operibus
995 2037 1008 2057 ,
1037 2026 1122 2072 quae
1140 2011 1329 2053 distinc‘te
1359 2013 1622 2055 recensentur
1650 2024 1672 2052 a
1701 2011 1850 2063 produ-

510 2063 586 2101 c‘tis
603 2062 788 2121 Testibus
806 2093 817 2103 ,
848 2064 975 2104 Porro
986 2066 1196 2116 utriusque
1210 2065 1370 2106 Altaris
1388 2066 1602 2107 Festivitas
1616 2065 1851 2113 celebratur

509 2128 605 2155 cum
623 2116 740 2154 Milia
753 2142 765 2160 ‚
802 2117 944 2164 primis
962 2144 975 2164 ,
990 2118 1028 2158 Sc
1045 2118 1232 2158 secundis
1249 2120 1441 2169 Vespens
1457 2119 1707 2159 solemnibus
1722 2143 1736 2163 ‚
1749 2115 1850 2157 Pro-

509 2167 685 2207 ceflione
703 2193 716 2212 ‚
732 2168 908 2224 [ita—niis
928 2169 1059 2210 Beatae
1070 2169 1214 2210 Mariae
1230 2171 1413 2222 Virginis
1429 2198 1444 2219 ‚
1471 2172 1510 2212 &
1527 2170 1845 2212 benedictione.»

511 2231 605 2277 curn
624 2221 869 2261 Venerabili
888 2223 1148 2264 Eucharistiae
1167 2223 1433 2265 Sacramento
1450 2224 1609 2273 Populo
1625 2222 1799 2272 elargita
1829 2248 1846 2262 .

506 2271 662 2331 Prima,
682 2274 720 2313 ὃς
736 2274 909 2314 secunda
925 2276 1152 2322 cujuslibet
1171 2277 1313 2317 menfis
1329 2277 1573 2323 Dominica,
1589 2277 1670 2325 post
1683 2274 1848 2314 Horam

508 2324 704 2365 Tertlam
737 2339 831 2366 cum
847 2336 971 2367 cantu
1012 2329 1240 2368 absolutam
1256 2353 1270 2374 ‚
1295 2329 1497 2371 Proceflio
1523 2327 1691 2379 ducitur
1714 2335 1845 2368 antes

506 2375 618 2416 fores
637 2378 823 2436 Ecclefiae
840 2406 854 2426 ‚
881 2380 920 2422 &
939 2380 1036 2420 inde
1054 2381 1214 2421 canitur
1229 2381 1346 2421 Missa
1383 2383 1423 2423 in
1448 2380 1676 2430 respective
1699 2377 1846 2420 Altari

507 2425 807 2478 Conceptionis
822 2457 836 2478 ‚
869 2432 936 2473 vel
966 2432 1123 2473 Rosarii
1144 2463 1154 2473 .
1185 2433 1229 2474 In
1245 2434 1377 2483 primo
1401 2433 1539 2474 Altari
1559 2432 1751 2484 quolibet
1775 2431 1848 2472 die

511 2482 1020 2542 Sabathandragefimae
1035 2485 1242 2527 Fidelium
1258 2485 1517 2528 venerationi
1534 2485 1755 2535 exponitur
1767 2484 1848 2523 Eu·-

508 2537 768 2590 cliansticum
785 2537 1095 2579 Sacramentum
1111 2565 1126 2585 ‚
1162 2551 1254 2579 cum
1273 2549 1395 2580 cantu
1411 2538 1688 2585 completorii
1706 2563 1721 2583 ‚
1734 2536 1850 2576 Lita-

506 2596 589 2624 nus
605 2586 647 2627 Β.
668 2588 816 2646 Maria:
834 2590 1014 2641 Virginis
1029 2617 1043 2638 ‚
1066 2591 1239 2642 aliisque
1250 2592 1433 2642 precibus
1446 2605 1462 2632 ‚·
1492 2589 1738 2642 Eaedemque
1773 2588 1848 2627 Sa-

505 2648 587 2695 crae
604 2640 785 2681 astiones
807 2653 1055 2700 peraguntur
1083 2645 1211 2684 tribus
1237 2645 1378 2685 diebus
1408 2643 1563 2683 Festum
1591 2640 1848 2692 Conceptio-

506 2700 570 2735 ms
586 2692 910 2744 precedentibus
925 2710 943 2741 2·
973 2697 1014 2742 δι
1042 2696 1112 2739 die
1129 2696 1384 2750 Nativitatis
1399 2695 1574 2740 Domini
1600 2705 1686 2741 tres
1712 2690 1849 2784 Miisae

537 2763 541 2767 .
641 2773 656 2795 ·
1801 2754 1847 2783 ς,
