1934 2954
1311 146 1355 181 18

54 202 160 248 scopi
205 196 441 239 Ortonenfis
479 191 661 232 sollicite
705 201 782 248 pro⁸
810 188 980 247 illarum
1020 188 1303 234 verificatione
1336 154 1386 233 al}

58 249 376 300 Archiepiscopo
393 245 654 285 Lancianenfi
669 243 878 300 requifit13

0 304 58 345 Et
87 304 180 344 ideo
207 312 299 341 cum
315 299 518 338 substineri
546 306 721 348 nequeat
753 294 925 345 provlfio
953 293 1095 334 favore
1116 295 1264 335 Ubaldi
1282 298 1383 336 Ren-

55 356 160 396 zetti
174 380 185 399 ‚
199 355 248 393 ob
262 351 404 391 falsam
418 350 668 390 narrativam
685 347 1009 396 supplicationis,
1025 347 1224 396 disputat,
1245 350 1386 387 locum

54 408 131 449 esse
148 402 438 445 convocationi
455 400 790 441 noviConcursus
820 399 860 438 in
879 398 988 439 Urbe
1006 425 1018 444 ‚
1045 400 1110 437 ubi
1138 401 1290 449 pendet
1316 413 1387 447 ap-

55 457 230 510 pellatio
245 481 258 500 ‚
271 460 385 502 juxta
404 454 614 504 praefatam
632 454 797 493 Pianarn
816 451 1162 493 Constitutionem
1195 455 1237 490 In
1268 454 1387 501 confe-

58 513 178 551 rendis
198 523 258 553 33.
295 509 333 557 ᾧ.
351 511 401 545 vt
415 520 534 545 autem
550 536 559 545 .
590 508 746 546 Verum
775 504 894 542 Sacra
922 507 1004 543 haec
1021 502 1297 554 congregatio
1312 510 1386 542 iri-2

55 566 228 603 Larinen.
246 561 440 607 Concursus
462 574 497 599 2.
517 559 679 608 Septeml
689 561 737 595 ris
759 570 801 602 17
811 561 870 598 58.
888 558 936 593 ad
951 560 1101 594 tertium
1117 559 1217 595 Dnb.
1251 558 1392 596 rescri-

58 616 149 667 pfit,
166 626 317 653 novum
331 611 582 651 Concursum
614 609 840 648 habendum
874 607 949 648 esse
986 621 1121 648 coram
1139 609 1392 658 Metropoli-

59 677 156 707 tano
187 667 347 705 lib.108.
369 666 504 702 decret.
518 674 692 713 pag.275.
712 688 724 706 ‚
740 662 777 700 ἃ
807 661 968 710 quando
983 675 1003 700 a
1028 661 1358 702 Metrorolitano
1376 685 1391 705 ‚

58 721 129 759 vel
146 720 193 758 ab
209 719 403 767 Episcopo
422 725 612 765 exempto
629 714 874 763 appellatur,
894 713 1120 762 supradic‘ta
1141 714 1265 753 Piana
1283 713 1394 752 Con—

58 771 219 811 stitutio
235 770 400 819 delegat
422 768 534 807 Sedis
553 766 788 816 Apostolicae
808 763 1029 806 facultates
1048 766 1272 807 Ordinatio
1289 765 1394 806 vici-

59 835 165 862 morl
188 852 198 862 .
264 837 273 841 ’

78 894 82 897 *
114 874 279 914 Placeat
302 873 440 923 itaque
456 871 535 910 EE.
553 870 645 911 VV.
668 871 893 911 decernere
907 901 916 910 .

34 926 66 967 Ι.
94 927 168 965 An
192 927 242 975 stt
257 925 351 963 Iocus
368 925 586 963 relaxationi
602 924 879 973 supplicationis
901 924 1290 972 Archipreshyseratus
1308 923 1396 960 Ter-

140 993 188 1017 rae
202 977 345 1016 Arielli
367 978 500 1025 favore
532 976 628 1026 Rev.
647 979 700 1014 D.
718 977 851 1013 vbaldi
879 974 1092 1021 Res-metti?
1125 979 1163 1015 ὅ(
1194 984 1395 1026 quatenus

140 1029 335 1081 negative
356 1058 365 1067 .

12 1082 69 1122 ΙΙ.
96 1085 192 1127 An,
226 1085 269 1126 ὠ·
300 1083 361 1119 ubi
384 1082 433 1130 fit
462 1079 556 1122 locus
588 1093 686 1118 novae
713 1082 959 1121 convocationi
990 1080 1187 1128 Concarsees
1206 1103 1218 1122 ‚
1265 1084 1303 1118 in
1335 1091 1398 1116 ca-

135 1136 182 1185 su
203 1137 278 1179 &c.

118 1291 186 1331 Ad
200 1291 229 1330 1.
257 1289 465 1341 Negative
482 1316 493 1334 ‚
513 1291 550 1328 3:
566 1288 740 1337 amplius
758 1319 767 1327 .
823 1288 887 1326 Ad
903 1288 953 1327 11.
975 1287 1238 1331 Affirmative
1255 1297 1394 1329 coram

169 1343 366 1393 Episcopo
383 1342 592 1387 Viciniore
610 1367 622 1386 ‚
643 1342 680 1383 3<
701 1341 874 1388 amplius
888 1370 897 1384 i

17 1552 419 1644 LEOPOLIEN.
449 1552 819 1594 MATRIMONII
837 1554 1132 1595 .Celebratum
1165 1553 1217 1591 est
1244 1550 1395 1608 Matri-3
1418 1571 1510 1620 Sess·
1529 1581 1590 1617 24·
1621 1576 1700 1617 cap·

128 1607 310 1645 monium
327 1606 394 1645 die
408 1620 444 1649 3.
462 1606 711 1655 Septembris
731 1620 799 1654 175
811 1622 844 1646 ι.
862 1608 969 1647 inter
984 1607 1208 1646 Nicolaum
1222 1605 1394 1643 Potocki
1423 1640 1441 1663 2
1475 1625 1518 1660 de
1535 1623 1699 1659 Remffm·

66 1657 169 1706 Cap.
187 1659 489 1698 Kanoviensem
504 1686 516 1704 ,
537 1661 574 1698 Sc
590 1659 848 1698 Mariannam
865 1659 1140 1699 Dombrouski
1169 1657 1395 1696 Thesaura-
1418 1646 1597 1717 Matrimi

71 1710 176 1748 riam
195 1710 458 1750 Halicensem
473 1725 487 1751 ,-
516 1711 594 1750 Sed
612 1713 692 1760 post
708 1712 866 1762 aliquot
884 1724 1006 1751 annos
1023 1739 1034 1757 ‚
1069 1711 1212 1762 quibus
1241 1709 1397 1748 Coniu-

31 1791 35 1794 .
69 1773 140 1812 ges
156 1774 232 1801 una
244 1763 358 1801 firmil
371 1765 615 1802 commorati
632 1764 724 1802 sunt
743 1790 753 1809 ,
773 1764 1013 1805 nullitatem
1031 1766 1148 1809 hujus
1175 1762 1398 1801 Matrimo-

72 1813 132 1851 nii
151 1814 345 1863 allegavit
371 1815 574 1853 Nicolaus
601 1817 667 1855 die
696 1830 730 1863 7.
747 1816 922 1865 januarii
944 1821 1058 1864 1756.
1098 1817 1137 1853 in
1164 1814 1286 1853 Curia
1315 1814 1396 1852 Ar-

68 1865 358 1916 chiepiscopali
378 1866 632 1915 Leopolienfi
649 1894 661 1913 ,
690 1869 759 1907 sub
782 1869 953 1907 obtentu
988 1868 1207 1916 spiritualis
1236 1866 1398 1916 Cogna—

73 1917 200 1956 tionis
214 1943 227 1962 ,
244 1931 363 1968 quarn
382 1919 506 1967 ipsum
523 1920 629 1958 inter
645 1944 657 1963 ‚
675 1921 712 1959 Sc
730 1921 987 1958 Mariannam
1016 1919 1270 1959 intercedere
1301 1916 1400 1956 asse-

75 1970 189 2008 rebat
205 1999 216 2009 .
230 1969 422 2009 Produxit
439 1980 579 2010 autem
596 1971 644 2009 ad
671 1975 774 2010 hunc
801 1972 992 2010 effeetum
1022 1972 1223 2010 Nicolaus
1249 1969 1399 2007 fidem.»

72 2020 336 2070 Baptismatis
361 2022 612 2067 Mariannae,
641 2035 687 2062 ex
720 2036 797 2073 qua
825 2026 1059 2072 apparebat,
1080 2024 1209 2069 ipsum
1241 2020 1398 2060 Patrini

74 2085 245 2113 munere
261 2072 444 2112 fumum
461 2073 538 2113 effe
553 2088 568 2113 ,·
597 2074 674 2113 Sed
703 2074 878 2123 inspefto
898 2075 1000 2114 libro
1016 2074 1260 2119 Parochiali,
1281 2085 1398 2113 reco-

71 2126 236 2175 gnitum
258 2127 310 2165 est
328 2152 340 2170 ‚
358 2125 608 2164 Particulam
625 2151 636 2168 ‚
655 2127 768 2170 cujus
787 2126 904 2175 copia
922 2126 1114 2175 producta
1144 2126 1277 2167 fuerat
1293 2150 1306 2168 ‚
1337 2125 1397 2163 lo-

72 2176 208 2227 quide
229 2177 432 2225 Baptismo
459 2176 614 2225 Justinae
631 2178 902 2217 Dombrouski
919 2180 966 2217 ab
997 2179 1245 2219 antecessore
1272 2177 1396 2217 Paro-

72 2233 150 2267 cho
165 2228 428 2269 Bucaaczenfi
448 2229 514 2269 die
533 2243 594 2273 25.
610 2230 851 2269 Decembris
872 2244 937 2277 173
948 2243 983 2274 5.
1000 2232 1172 2277 collato,
1190 2233 1226 2271 Sc
1246 2241 1396 2268 nomen

73 2280 299 2320 Mariannae
345 2280 461 2320 fuisse
490 2283 711 2323 recentiori
752 2285 984 2323 charastere
1016 2284 1400 2332 superimpositum-a

70 2332 323 2373 interlineas
349 2346 359 2371 :
386 2333 517 2373 Immo
542 2334 760 2375 hodiernus
779 2334 982 2374 Parochus
1000 2334 1116 2375 falsus
1133 2339 1185 2376 est
1214 2336 1253 2374 in
1283 2332 1399 2383 Judi-

72 2384 165 2430 cio,
193 2386 498 2434 superadditum
516 2388 590 2427 ase
605 2386 720 2426 fuiffe
736 2387 889 2426 dierum
924 2400 1070 2427 nomen
1101 2387 1322 2427 Mariannae
1349 2382 1400 2423 ad

72 2437 379 2487 requisitionem
399 2439 512 2478 illius
534 2438 745 2478 Genitoris
758 2452 772 2478 ,·
802 2438 940 2487 (Qiare
955 2440 1180 2487 excipiebat
1199 2436 1399 2477 Defensor

72 2486 334 2543 Matrimonii
352 2517 363 2535 ‚
379 2491 566 2540 legitime
584 2493 791 2539 probatam
816 2503 894 2530 non
922 2491 1056 2530 videri
1085 2491 1402 2542 cognationem-2

75 2537 330 2586 spiritualem
348 2555 442 2581 cum
456 2543 672 2582 Marianna
691 2555 735 2582 ex
754 2542 832 2582 fide
849 2542 1104 2591 Baptismatis
1122 2569 1134 2588 ‚
1153 2557 1237 2595 quae
1257 2544 1402 2592 loque-

71 2590 194 2647 batur
208 2593 255 2632 de
268 2593 412 2644 Justina
432 2621 444 2640 ,
461 2597 499 2635 Sc
513 2595 645 2634 forsan
662 2594 865 2635 verificari
883 2603 1044 2643 poterat
1079 2597 1128 2636 de
1147 2597 1226 2636 alia
1256 2595 1404 2633 Sorore

73 2642 195 2692 apfius
221 2643 445 2687 Mariannae
463 2677 474 2687 .
505 2647 574 2688 Ad
601 2646 1088 2738 personaeAadstruendam
1107 2648 1405 2737 identitatoim,

65 2707 71 2727 ²
126 2709 127 2712 ’
823 2711 846 2739 a
888 2713 907 2737 2
1297 2719 1317 2740 ι
1349 2709 1413 2737 [θ’
