1934 2954
1346 150 1392 184 25

72 192 232 231 tionem
248 215 260 235 ‚
276 190 316 229 in
331 191 446 236 cnjus
463 190 698 241 obsequium
718 194 930 239 propterea
949 188 1096 229 cessare
1126 188 1323 229 debuisset
1339 194 1389 230 ab

73 243 261 284 ulteriori
277 243 348 280 suae
362 242 634 291 delegationis
649 241 939 293 exequutione,-
955 241 1098 280 Rursus
1114 250 1253 281 contra
1271 243 1391 281 Fran-

72 296 223 335 ciscum
238 295 400 333 Baccari
418 321 431 339 ‚
451 296 501 333 ob
515 294 758 333 citationem
770 305 906 333 coram
923 295 994 332 hac
1019 294 1138 331 Sacra
1155 291 1388 342 Congrega-

73 348 188 388 tione
204 346 266 386 illi
281 356 524 397 exequutam
540 359 612 395 pro
627 345 905 394 re-portatione
922 345 1107 393 rescripti
1122 344 1188 383 die
1213 358 1270 393 14.
1290 345 1387 394 Julii

73 400 171 438 dieti
186 399 276 437 anni
292 425 304 443 ‚
320 400 357 438 St
375 401 423 437 ob
436 399 753 447 appellationem
773 397 813 435 in
827 397 926 436 aftis
946 398 1225 444 interpositam
1239 397 1305 436 die
1328 411 1387 435 21.

73 451 339 501 formiterque
358 452 549 500 praesente
581 452 757 490 Baccaro
774 451 994 498 repetitam
1022 449 1091 491 die
1116 463 1178 487 22.
1209 448 1390 494 ejusdem

74 504 221 543 Menfis
240 503 336 553 Julii
353 528 364 546 ‚
380 517 464 553 qnae
479 528 491 547 ‚
509 503 569 542 uti
584 503 819 550 interposita
849 501 898 540 ad
916 501 1078 540 Sacram
1092 500 1390 550 Congregatio-

75 567 168 596 nem
185 555 443 605 delegantem
459 582 471 600 ,
486 555 678 594 servanda
695 563 782 592 erat
797 553 846 591 ad
864 562 1083 604 utrumque
1102 551 1292 592 effestum
1306 567 1321 595 ,ἡ
1335 553 1390 591 Et

71 607 239 647 demum
253 616 394 647 contra
412 607 623 646 Officiales
639 605 770 645 Curiae
790 618 799 644 :
828 605 987 644 scilicet
1014 614 1154 644 contra
1181 604 1391 644 Vicarium

61 659 300 700 ,Foraneum
317 685 331 705 ‚
349 673 469 711 quem
487 659 637 699 Puellae
652 670 794 698 omnes
813 656 990 697 Urceani
1007 658 1222 699 adiverunt
1244 657 1390 696 eadem

76 711 145 751 die
178 725 240 750 22.
269 711 366 762 Juli'i
386 739 398 757 ,
427 713 513 751 suas
543 720 789 760 exponentes
819 709 1090 760 querimonias
1107 734 1118 752 ‚
1146 710 1183 748 &r
1207 710 1393 757 protestet—-

76 763 210 804 tiones
241 776 250 801 ε
285 765 323 804 8(
365 773 504 803 contra
533 763 817 802 Promotorem
847 762 1041 801 Fiscalem
1070 760 1302 811 specialiter
1334 759 1393 799 ci-

75 823 209 854 tatum
226 828 359 854 coram
378 819 450 854 hac
466 815 884 865 Sac.Congregatione
902 814 969 853 die
987 828 1047 856 23.
1066 813 1255 852 d.Menfis
1268 812 1366 866 Julii
1378 841 1390 850 .

28 867 115 907 Has
131 879 270 906 omnes
283 868 544 907 inhibitiones
563 895 575 914 ,
589 867 769 906 clamant
786 866 1058 906 Urceanenses
1076 892 1086 911 ,
1102 866 1253 915 spretas
1273 862 1388 904 tuiffe

77 919 197 958 nimis
209 919 439 965 violenter,
473 929 562 959 tum
591 931 614 958 a
630 918 821 959 Baccario
837 943 850 963 ‚
876 918 944 968 qui
974 919 1163 959 audaster
1196 917 1388 966 praedit‘ta

75 972 142 1011 die
160 984 221 1013 23.
236 971 334 1019 Julii
349 985 443 1011 cum
462 971 719 1012 satellitibus
735 970 967 1011 Urceanum
987 970 1149 1010 acceffit
1167 997 1180 1015 ,
1205 978 1249 1008 ut
1268 974 1393 1012 terri-

78 1032 140 1064 tos
155 1022 368 1063 Officiales
385 1023 595 1064 induceret
607 1023 658 1062 ad
674 1023 914 1062 exhibendas
929 1023 1066 1062 claves
1090 1022 1223 1072 Capsa:
1242 1024 1395 1074 depofi-

77 1083 212 1128 torum
227 1099 240 1119 ‚
259 1075 363 1114 itaut
381 1076 445 1115 illi
459 1084 648 1116 verentes
664 1077 802 1123 pejora
815 1075 922 1113 mala
940 1084 1053 1114 extra
1071 1074 1290 1113 Dioecefim
1316 1078 1393 1116 Fa·-

75 1127 237 1167 nensem
254 1127 445 1177 aufugere
461 1128 590 1169 euasti
605 1126 759 1166 fue-rint
775 1151 788 1171 ‚
814 1128 852 1166 ὃς
871 1126 911 1164 in
926 1126 1063 1164 locum
1077 1135 1215 1164 tutum
1230 1127 1311 1167 sese
1328 1142 1398 1168 re-.

76 1180 236 1227 cipere:
253 1188 342 1218 tum
366 1181 414 1217 ab
429 1180 625 1228 Episcopo
642 1202 656 1222 ‚
687 1179 757 1227 qui
784 1179 874 1228 plus
906 1190 1017 1227 aequo
1044 1177 1255 1222 adhaerens,
1283 1183 1393 1220 votis

77 1230 242 1271 Baccari
257 1255 270 1275 ‚
290 1230 509 1271 Plebanum
530 1230 674 1270 Barchi
689 1230 832 1269 eadem
848 1228 916 1267 die
929 1229 1139 1278 delegavit
1154 1255 1165 1275 ,
1183 1239 1228 1272 ut
1248 1231 1392 1273 Mona-

75 1283 237 1322 sterium
254 1283 292 1322 S.
309 1281 448 1321 Caroli
461 1283 741 1332 ingrederetur
755 1306 768 1326 ,
792 1281 830 1320 &
847 1279 973 1319 frasta
999 1281 1113 1330 capsa
1139 1281 1179 1319 in
1206 1294 1257 1323 eo
1274 1283 1399 1324 affer-.

74 1343 174 1374 vata.
193 1358 205 1378 ‚
220 1335 410 1383 pecunias
426 1346 496 1383 per
512 1334 597 1374 vim
616 1334 876 1372 extraheret:
904 1341 995 1371 tum
1018 1332 1197 1383 denique
1211 1346 1232 1372 a
1261 1335 1393 1375 Curiae

78 1385 332 1426 Officialibus
347 1411 359 1430 ,
376 1386 468 1437 quia
484 1386 708 1435 Delegatus
726 1384 937 1434 praedictus
954 1411 966 1430 ‚
998 1386 1224 1425 comitante
1260 1387 1395 1427 Satel-

74 1439 197 1478 litum
221 1446 384 1477 caterva
400 1464 412 1484 ,
428 1438 477 1477 ad
503 1437 715 1487 praefatum
729 1436 1022 1480 Monasterium
1049 1437 1118 1477 die
1136 1451 1196 1486 24.
1217 1437 1316 1487 Julii
1332 1452 1396 1479 ac·-

72 1489 188 1530 ceffit
206 1513 219 1533 ‚
236 1490 274 1528 Sc
290 1488 528 1529 Clausuram
544 1487 734 1540 ingressus
749 1501 843 1529 cum
872 1489 1043 1529 Vicario
1072 1489 1257 1530 Foraneo
1272 1518 1286 1537 ‚
1318 1490 1397 1532 Te-

70 1541 188 1581 stibus
205 1566 217 1586 ,
235 1542 274 1580 Sc.
289 1541 584 1583 Fabroferrario
599 1568 613 1588 ,
629 1543 788 1591 capsam
806 1541 976 1590 depofiti
1002 1540 1127 1591 fregit
1144 1567 1158 1587 ,
1187 1544 1394 1592 pecunias-

74 1605 153 1645 que
165 1593 322 1635 amovit
340 1619 353 1639 ‚
371 1596 409 1634 ὃς
426 1594 517 1634 illas
534 1594 784 1644 consignavit
801 1593 1009 1641 Francisco
1021 1594 1186 1634 Baccari
1203 1621 1218 1641 ,
1247 1609 1391 1646 perpe-

75 1657 160 1684 ram
184 1646 432 1685 reclamante
469 1646 711 1687 Urceanenfi
753 1647 913 1695 Populo
945 1655 1087 1687 contra
1126 1646 1396 1698 irregularem

41 1724 43 1726 -
76 1699 177 1736 hanc
192 1721 206 1742 ‚
221 1697 259 1737 Sc
273 1697 499 1737 violentam
517 1698 766 1747 procedendi
782 1698 1025 1738 methodum
1041 1728 1053 1741 .,
1070 1699 1302 1741 Eorundem
1316 1701 1396 1740 ita-

76 1760 153 1799 que
164 1756 462 1790 attentatorum
480 1778 492 1797 ‚
509 1751 699 1801 flagitant
713 1777 726 1795 ‚
743 1751 963 1801 rigorosam
989 1750 1156 1790 decerni
1184 1754 1395 1802 purgatio-

74 1811 168 1840 nem
183 1809 322 1844 contra
334 1801 587 1846 Franciscum
603 1803 768 1844 Baccari
789 1829 801 1848 ,
818 1803 884 1842 cui
902 1803 1155 1852 imputantur
1181 1805 1400 1848 violentiae,

73 1860 163 1891 tum
179 1852 344 1902 propriae
361 1880 374 1900 ,
403 1863 492 1894 tum
507 1855 785 1896 Ministrorum
801 1854 963 1894 Curiae:
990 1856 1028 1895 δε
1056 1865 1199 1895 cont-ra-
1224 1857 1392 1900 Baccari

74 1902 341 1961 Fidei-uffores
357 1932 370 1952 ‚
399 1919 444 1947 ac
460 1908 698 1951 Petronium
715 1908 850 1947 Greco
868 1907 978 1946 illius
993 1907 1204 1948 Generum
1221 1934 1233 1954 ‚
1251 1921 1298 1949 ex
1312 1921 1396 1961 quo

75 1957 253 2005 prlmtse
266 1957 539 2008 obligaverint
568 1960 619 1999 ad
642 1960 966 2009 reportationem
995 1961 1274 2008 pecuniarum,
1287 1963 1393 2001 alter

78 2019 178 2048 vero
191 2008 284 2057 quia
294 2010 424 2058 spreta
441 2010 773 2059 interpellatione
792 2014 938 2052 horum
969 2019 1269 2051 attentatorum
1293 2014 1361 2062 ipsi
1377 2039 1394 2060 ‚

77 2060 117 2100 ὃς
144 2059 307 2099 Baccari
349 2062 499 2102 Socero
535 2063 642 2102 {asta
678 2064 745 2103 die
775 2074 836 2106 25.
869 2064 907 2103 8<
927 2067 985 2101 26.
1021 2062 1213 2101 Oe‘tobris
1247 2077 1360 2113 1759.
1377 2089 1394 2111 ‚

79 2112 234 2152 ablatas
271 2113 461 2161 pecunias
505 2115 545 2152 in
568 2114 713 2157 dotem
739 2114 898 2162 recepit
925 2141 938 2160 ‚
970 2113 1390 2167 matrimoniumque„

73 2164 280 2256 grifrngt
317 2175 412 2209 cum
453 2164 614 2204 Baccari
654 2165 757 2207 Filia
804 2166 873 2205 die
915 2179 977 2210 30.
1020 2165 1203 2211 ejusdem
1241 2169 1393 2213 meniis

126 2234 143 2255 c
164 2229 190 2255 o
219 2228 272 2255 ns
288 2246 299 2256 .

128 2267 443 2308 Decernendum
458 2269 612 2310 idcirco
625 2269 704 2315 erit
718 2271 765 2309 ab
781 2269 861 2309 EE.
880 2271 975 2315 VV.

40 2319 74 2361 l.
101 2319 174 2362 An
185 2322 367 2363 decretum
381 2321 677 2372 Reverendiffimi,
686 2322 847 2373 Episcopi
861 2321 895 2359 F
896 2337 996 2363 aneu.
999 2323 1118 2372 super
1136 2323 1390 2375 consignatione

122 2373 475 2422 scutr6002monetae
489 2375 904 2426 Romanaesubstineatur
918 2400 931 2421 ,
944 2379 982 2413 in
997 2376 1081 2425 cafic
1095 2377 1177 2419 εἴγε.-

26 2423 80 2467 11.
107 2425 180 2464 An
194 2427 322 2477 constet
329 2427 375 2463 de
387 2428 578 2467 attentatis
593 2449 607 2471 ,
623 2430 667 2472 &-
685 2429 852 2477 quomodo
857 2429 933 2478 sint
940 2429 1144 2476 purganda,
1159 2433 1199 2467 in
1212 2429 1297 2478 casu
1307 2431 1387 2485 &eq

126 2528 193 2571 Ad
208 2528 466 2581 LNegative
479 2557 496 2578 ‚
521 2531 827 2580 circumscripto
841 2531 969 2572 etiam
995 2530 1178 2572 Deci-eto
1206 2530 1395 2584 Episcopi

181 2581 266 2627 diei
280 2596 345 2627 30·.
356 2583 596 2624 Decembris
611 2596 655 2633 17
662 2588 725 2629 5'8·
763 2584 880 2632 super
907 2582 1170 2633 affignatione
1185 2613 1197 2624 .
1251 2584 1319 2625 Ad
1331 2584 1395 2637 ΙΙ.Ι

182 2633 441 2681 Affirmative
454 2659 470 2682 ,
485 2637 525 2678 &
539 2634 616 2677 effe
629 2634 830 2689 purganda
846 2647 917 2685 per
935 2635 1045 2680 viam
1057 2635 1263 2680 nullitatis
1276 2666 1295 2687 .-

753 2737 794 2787 D
1295 2739 1394 2782 RQ*
