1934 2954
79 181 122 222 izo
130 186 256 222 minati
274 209 284 227 ,
295 185 414 232 poffiuo
429 193 572 221 entrare
585 187 623 220 iu
639 183 742 221 detta
758 181 980 232 Qffizp‘atura
996 187 1106 222 anche
1124 189 1205 235 quei
1222 145 1405 225 sacerdo-⁷

77 241 108 276 ti
124 263 136 282 ‚
150 239 211 275 che
225 234 452 283 offizjaranno
472 234 638 285 Coppelle
651 237 792 274 Laicali
814 249 822 272 t
839 238 1111 286 cominciandofi
1127 240 1175 274 ad
1204 239 1398 286 offiz,iare,‚

79 292 179 328 detta
194 286 421 337 cappellania
437 289 500 325 dal
512 290 705 327 Sacerdote
713 292 778 339 pit>
794 292 963 333 anziano,
982 302 1000 326 e
1014 293 1085 327 cos)
1099 292 1138 327 di
1143 292 1257 338 grado
1270 294 1308 328 in
1318 305 1404 339 gra-

82 344 126 380 do
138 366 150 385 ‚
167 343 234 378 due
251 344 336 377 armi
346 350 411 389 per
424 341 656 389 ciascheduno
671 371 680 380 .

29 394 142 436 quta
157 391 388 440 praemissam
407 392 546 443 itaque
561 393 861 441 dispositionem
877 419 889 438 ‚
907 402 952 432 ut
966 392 1096 434 fertur
1112 418 1124 438 ‚
1156 393 1290 433 eresta
1322 392 1405 433 fuit

75 444 337 493 Cappellania
350 457 453 483 anno
473 458 583 493 1724.
603 471 614 491 ‚
634 446 798 485 &illam
816 469 828 487 ‚
849 446 1054 497 quousque
1067 446 1170 485 vixit
1185 471 1198 491 ,
1227 444 1405 494 possedit

78 495 275 537 Nic-:olaus
294 496 526 536 Franciscus
546 497 747 536 Fattorini
765 497 917 546 primus
933 496 1203 546 Coppellanus
1225 510 1247 536 a
1266 497 1406 536 Testa-

78 557 167 588 tore
186 549 418 587 nominatus
436 575 448 594 ,
466 549 533 599 qui
550 550 653 588 obiit
669 562 773 588 anno
792 564 901 597 1730.
916 563 930 589 ,·
948 550 1095 589 deinde
1114 576 1125 594 ,
1144 549 1182 588 in
1195 548 1404 589 desertum

79 599 480 649 Constinguineorum
499 628 512 647 ,
542 601 697 640 admiffi
731 599 895 641 fuerunt
923 602 1164 641 Sacerdotes
1193 602 1402 645 extranei,

82 653 245 695 servato
261 653 491 691 vocationis
518 654 656 692 ordine
674 683 683 692 .
713 652 896 693 Tandem
925 655 1062 703 Agnes
1082 653 1312 696 Fauorini,
1341 653 1403 691 uti

86 703 308 744 Testatoris
339 705 670 753 Consanguinea,
701 706 945 753 supplicavit
972 707 1051 745 san.
1079 718 1206 744 mem.
1234 705 1403 745 Benedi—

85 757 150 795 &o
168 755 284 795 XIV.
301 769 370 805 pro
384 755 580 796 facultate
610 757 843 796 nominandi
877 758 1025 796 Filium
1054 759 1170 796 suum
1196 770 1319 796 annos
1345 769 1411 795 na-

85 817 175 848 tum
198 819 255 854 17.
272 833 284 851 ‚
303 809 341 848 Sc
356 808 549 847 Clericali
567 809 747 848 Tonsura
766 810 996 859 insignitum
1013 836 1025 853 ,
1055 819 1098 848 ut
1128 809 1253 859 poffet
1279 809 1408 848 titulo

84 860 265 906 ejusdem
282 859 551 908 Cappellaniae
568 862 616 900 ad
632 862 771 900 Sacros
788 863 964 901 Ordines
981 862 1239 911 promoveris
1258 862 1309 900 Et
1339 873 1411 899 au-

83 912 175 951 dito
203 911 308 960 prius
344 912 538 962 Episcopo
568 939 581 957 ,
615 913 681 952 die
729 929 791 961 29.
824 914 1004 964 Januarii
1037 928 1148 962 1749.
1179 914 1331 963 prodiit
1350 926 1413 952 re-

83 964 278 1013 scriptum
307 964 355 1002 ad
387 966 631 1004 relationem
671 967 753 1005 mei
790 964 1065 1006 Antecessoris
1088 993 1108 1012 ἢ
1148 968 1260 1012 cujus
1293 975 1411 1004 tenor

84 1016 139 1056 est
155 1031 183 1052 =
197 1018 336 1054 SSers
352 1018 404 1055 D.
419 1020 479 1056 JV.
497 1043 509 1061 ,
524 1019 652 1054 audita
668 1017 843 1056 relatione
868 1019 1027 1068 Episcopi
1055 1021 1087 1058 F
1089 1020 1375 1068 orosempronien.
1397 1042 1410 1062 ‚

85 1068 363 1118 &infrascripti
378 1071 575 1107 secretarii
592 1095 602 1114 ‚
619 1071 802 1107 Orati-icis
813 1073 975 1119 precihus
990 1073 1135 1119 benigne
1149 1079 1410 1117 ammensfflrae-

78 1121 161 1169 fato
177 1119 342 1170 Eptscopo
361 1122 541 1169 commisit,
559 1132 614 1163 ut,
632 1124 729 1158 veris
749 1123 973 1171 existentibus
992 1123 1409 1171 narratis‚supradifl.1m

87 1172 274 1216 clericum
288 1173 388 1221 ipsius
406 1175 588 1211 Oratricis
604 1174 743 1210 Filium
766 1177 814 1210 ad
838 1174 1113 1222 affequsctionem
1143 1178 1325 1210 memorati
1340 1175 1412 1210 Be-

88 1224 209 1270 neficii
225 1249 236 1268 ‚
245 1224 314 1272 seu
330 1222 566 1273 Coppellaniae
582 1249 593 1268 ‚
610 1223 830 1262 Fundatoris
847 1226 886 1261 di
882 1227 1069 1274 spositione
1087 1229 1231 1263 minime
1247 1226 1413 1274 obstante,

83 1275 219 1325 profuo
231 1278 378 1313 arbitrio
396 1302 407 1321 ,
427 1272 690 1324 &conscientia
702 1281 820 1323 gratis
838 1276 1005 1313 habiliter
1021 1291 1035 1316 ,-
1052 1273 1111 1314 Itiz
1128 1287 1245 1313 tamen
1263 1287 1305 1314 ut
1318 1279 1414 1313 idem

88 1325 250 1366 Clericus
267 1353 278 1372 ‚
287 1328 412 1376 statim
426 1342 467 1365 ac
479 1331 528 1366 ad
541 1328 739 1375 legitimam
746 1333 954 1377 per-venerit
965 1338 1119 1374 aetatem,
1130 1331 1282 1367 Sacrum
1296 1328 1412 1376 ,Ρη-[ο

86 1381 268 1428 byteratus
289 1380 466 1417 Ordinem
481 1381 662 1429 fils'cipere
689 1405 701 1424 ,
732 1385 774 1423 :³5⁶
799 1383 945 1417 interim
974 1379 1132 1432 ejusdem
1174 1381 1411 1430 Coppellaniae

86 1432 265 1469 Oneribm
277 1440 343 1481 per
368 1432 480 1470 alium
493 1432 709 1481 statisfacere
729 1442 935 1469 teneatur:
965 1443 1006 1470 ut
1029 1435 1070 1470 in
1097 1432 1159 1471 hb.
1165 1446 1230 1480 99.
1261 1435 1407 1471 Decret.

84 1492 235 1532 pag.57,

36 1534 341 1585 Cappellaniam
357 1533 494 1584 vigore
510 1537 628 1582 hujus
640 1536 829 1584 rescripti
844 1535 1072 1587 assequutus
1089 1538 1140 1575 est
1151 1536 1337 1577 Clericus
1354 1536 1417 1585 Jo-

86 1587 182 1635 seph
195 1586 475 1627 Aldebraudus
493 1587 702 1628 Albertini
719 1586 889 1637 praefatae
919 1589 1092 1638 Agnetis
1129 1589 1333 1628 Fattorini
1349 1588 1416 1626 fi-

87 1639 170 1679 lius
186 1663 199 1682 ‚
217 1639 413 1689 illamque
427 1639 596 1689 possedit
611 1645 683 1686 (ut
697 1641 935 1689 supponitur
950 1641 988 1679 in
1016 1641 1199 1690 precibus
1229 1642 1415 1680 Archan-

87 1690 174 1742 geli
191 1689 345 1736 Tenti)
362 1692 485 1740 usque
505 1691 553 1730 ad
569 1704 716 1731 annum
740 1706 851 1739 1750.
868 1719 880 1738 ,
893 1705 971 1742 quo
990 1693 1180 1732 Sacerdos
1198 1693 1414 1732 Bartholo-

87 1754 206 1782 maeus
220 1742 394 1782 Lorenzi
412 1742 613 1783 Testatori
631 1744 851 1794 proximior
867 1770 879 1790 ‚
910 1746 1094 1794 precibus
1127 1745 1293 1783 Summo
1312 1744 1417 1782 Pon-

92 1794 195 1835 tifici
212 1794 376 1838 oblatis,
389 1796 428 1834 ὃς
443 1796 492 1834 ad
512 1799 613 1834 hanc
632 1797 792 1835 Sacram
809 1796 1182 1847 Congregationem
1214 1795 1382 1836 remissis
1398 1821 1412 1842 ‚

86 1847 303 1897 postulavit
324 1847 365 1885 in
385 1845 667 1898 assequutione
693 1847 872 1898 ejusdem
903 1848 1175 1898 Cappellaniae
1206 1848 1415 1898 praeferri,

90 1898 382 1947 &rescriptum
399 1900 579 1938 obtinuit
595 1900 662 1939 die
676 1914 716 1946 9.
736 1899 839 1939 Maii
860 1913 973 1946 1750.
991 1916 1017 1936 ,τ
1049 1902 1214 1938 Ponatur
1228 1905 1266 1938 in
1289 1899 1388 1937 Folio
1404 1923 1417 1942 ,

91 1953 202 1989 citato
220 1950 353 1988 Clerico
371 1951 524 2002 Josepho
538 1951 738 1989 Albertim'
757 1968 781 1982 =
800 1967 814 1992 ,-
827 1951 945 1991 Tunc
961 1952 1070 1991 euim
1089 1953 1240 1991 citatus
1270 1953 1415 1989 Alber-

89 2000 171 2042 tini
186 2000 234 2039 ad
249 2001 476 2041 instantiam
493 2003 666 2043 Lorenzi
684 2030 696 2048 ‚
714 2005 800 2048 ejus
817 2003 1148 2051 proximioritate
1173 2003 1384 2051 recognita
1401 2024 1416 2046 ‚

87 2052 161 2094 liti
176 2051 288 2092 ceffit
307 2078 319 2097 ‚
352 2055 390 2092 St
418 2054 559 2102 sponte
584 2055 893 2102 Cappellaniam
924 2055 1036 2092 illius
1065 2053 1205 2092 favore
1233 2053 1384 2092 dimisit
1402 2078 1416 2098 ‚

91 2115 214 2156 quam
229 2104 402 2143 retinuit
415 2104 608 2144 Sacerdos
638 2106 813 2145 Lorenzi
841 2106 963 2156 usque
991 2104 1039 2144 ad
1065 2106 1152 2151 ejus
1178 2105 1336 2144 obitum
1361 2105 1418 2144 se-

92 2163 268 2208 quutum
283 2155 350 2195 die
372 2169 434 2202 29.
449 2156 603 2204 Aprilis
629 2170 742 2203 1759.

41 2206 248 2252 Defunsto
266 2207 484 2247 Sacer-dote
512 2207 687 2248 Lorenzi
706 2235 715 2253 ,
750 2208 789 2247 iu
807 2208 915 2256 spem
933 2208 1058 2248 rediit
1073 2208 1256 2248 Clericus
1274 2209 1416 2258 Joseph

88 2258 299 2305 Albertini
313 2258 465 2298 iterum
483 2258 713 2311 assequendi
730 2260 1034 2308 Cappellaniam
1052 2275 1066 2301 ,-
1081 2262 1144 2304 &3
1164 2274 1213 2300 ne
1230 2261 1303 2300 suae
1327 2274 1418 2309 pro·

89 2311 236 2352 visioni
250 2311 451 2350 obstaculo
465 2313 574 2352 foret
594 2312 786 2351 Sacerdos
805 2312 1033 2351 Franciscus
1069 2312 1241 2352 Lorenzi
1272 2311 1418 2351 defun-

91 2363 150 2403 ἀί
166 2362 610 2404 BartholomaeiFrater
640 2363 786 2403 Urbini
817 2364 964 2413 degens
985 2391 997 2409 ‚
1025 2366 1073 2403 ab
1097 2377 1146 2403 eo
1176 2363 1417 2406 impetravit

87 2414 160 2455 die
178 2419 236 2455 16.
264 2414 434 2465 Augusti
456 2427 567 2463 1759.
593 2417 744 2462 jurium
770 2416 1016 2456 ceffionems
1045 2417 1095 2454 Et
1126 2416 1240 2453 noas
1270 2417 1415 2454 oblatis

122 2466 278 2507 recibus
308 2465 694 2511 SANCTISSIMO
726 2493 740 2513 ‚
771 2481 856 2518 quae
881 2469 1034 2517 pariter
1054 2467 1217 2506 fuerunt
1251 2468 1298 2506 ad
1315 2470 1415 2506 hanc

124 2529 258 2558 acram
268 2518 638 2569 congregationem
664 2518 829 2559 remissae
845 2545 858 2564 ,
889 2520 1041 2559 iterum
1074 2519 1316 2568 supplicavit
1346 2531 1417 2567 pro

93 2569 224 2621 gratia
248 2570 461 2612 obtinendi
482 2571 789 2621 Cappellaniam
817 2571 855 2610 iu
879 2572 980 2610 statu
1006 2570 1201 2610 Clericali
1235 2598 1247 2616 ,
1280 2573 1318 2610 ὃς
1353 2572 1417 2610 Sa-

92 2631 183 2661 cros
196 2621 375 2663 Ordines
387 2623 626 2673 suscipiendi
638 2623 686 2662 ad
704 2624 817 2663 illius
834 2623 1004 2663 titulum
1023 2652 1033 2661 .
1062 2622 1335 2662 Annuendum
1351 2624 1414 2662 his

90 2672 276 2727 precibus
306 2674 462 2717 censuit
497 2675 715 2728 Episcopus
750 2675 814 2767 iuI
827 2674 896 2714 sua
921 2675 1126 2717 relatione
1159 2673 1415 2766 transmislge)

90 2757 96 2761 .
870 2740 889 2767 2
1379 2738 1417 2767 ie
