1934 2954
345 179 430 216 260

844 164 1304 212 'INDEX

343 255 416 292 gitur
426 250 545 291 quilibet
559 250 688 280 Sacerdos
707 250 782 280 abire
795 274 804 285 ‚
816 252 921 280 ratione
932 252 1062 281 obedien·
1098 253 1224 279 Decanus
1237 273 1244 283 ,
1259 254 1287 277 ὅ(
1298 260 1354 279 non
1366 249 1512 285 Episcopus
1523 251 1564 285 ius
1575 248 1658 278 habet
1671 242 1844 278 convocandi

349 298 393 316 tiae
406 290 541 322 Episcopo
552 286 648 315 debitae
661 308 667 314 .
683 298 748 326 pag.
760 297 819 320 219·
831 289 854 320 §.
866 288 984 316 Ceterum
993 310 1000 316 .

1134 285 1294 325 Capitulum
1303 307 1309 313 .
1325 296 1393 322 pag.
1405 292 1446 314 16.
1459 285 1620 326 §.Deam-ms
1629 306 1636 313 .

312 322 498 351 Confeffiones
510 322 603 350 audire
627 324 654 350 in
665 322 790 351 levamen
803 321 943 358 Episcopi,
962 333 1062 352 munus
1098 324 1220 350 Decimae
1232 321 1284 348 loci
1299 344 1307 355 ,
1326 330 1385 355 quae
1397 322 1582 360 percipluntur
1602 320 1638 348 ab
1650 318 1768 349 Ecclesia
1786 321 1852 347 Mae

350 358 389 386 est
401 359 537 388 Canonici
561 359 760 387 Poenitentiatii
771 380 779 387 .
794 370 860 397 pag.
879 369 939 392 219.
951 360 974 391 §.
990 360 1063 387 Cete-

351 403 409 422 rum
422 416 431 422 .

315 428 501 458 Confeffiones
514 427 689 468 saecularium⁴
695 429 789 458 audire
801 438 938 465 nequeunt
950 430 1067 466 Regula-

349 475 391 494 res
405 489 412 500 ,
432 464 486 493 line
498 464 608 493 licentia
620 466 744 499 Epilcopi
756 487 765 498 ‚
785 475 841 493 non
854 465 981 494 obstante
994 476 1063 500 quo-

348 510 469 535 cumque
488 500 635 535 privilegio
650 524 657 534 ‚
676 500 722 528 vel
733 499 926 529 consuetudine
936 522 948 534 ,
965 501 1065 535 quibus

349 535 498 599 dsserggavit
510 535 669 563 Concilium
692 535 888 564 Tridenrinum
902 557 911 564 .
924 547 991 575 pag.
1008 542 1066 570 167.

378 593 384 599 .
425 580 435 598 l
462 581 540 598 uum.

385 582 495 634 Poffiint
507 615 599 634 tamen
612 607 760 643 Regulares
772 606 806 636 de
819 607 930 635 licentia
943 605 983 635 sui
997 608 1067 635 Prae-

350 640 400 669 lati
409 639 596 670 administrare
607 645 812 671 Sacramentum
824 643 991 677 poenitentiae
1014 640 1068 671 suis

339 675 495 714 VReligiofis
504 700 513 712 ,
535 681 563 706 ὃ(
572 676 756 706 familiaribus
769 700 775 706 .
781 689 847 716 pag.
859 683 916 711 164.
931 679 955 710 §.
966 676 1069 715 Dispu-

352 721 429 741 tant.

387 747 475 786 Quod
487 747 599 784 intelige
610 747 643 776 de
656 748 848 776 familiaribus
861 748 977 777 addistis
990 747 1077 776 servi·

358 783 401 811 tio
415 781 577 811 Monasterii
589 807 596 817 ‚
616 787 642 812 δε
655 784 814 820 degentibus
824 785 895 811 intra
906 784 978 812 illius
989 783 1072 818 septa,

355 817 405 846 sub
417 818 588 847 Obedientia
598 821 749 853 Superioris
761 819 906 855 Regularis
918 840 925 847 .
940 825 1071 858 pug.i67.

355 854 378 884 §.
394 853 430 881 Et
438 864 515 890 quum
529 875 535 881 .

314 886 426 950 C⁰a¹.³.s²⁰
469 889 474 893 ”
493 889 548 950 ἕξεις
573 899 607 917 ex
619 887 719 923 quibus
730 886 876 923 probetur?
897 888 966 918 Vide
989 888 1075 927 Sulfi'-

371 934 399 950 ἔα
448 932 492 950 ota
505 933 534 950 la
544 944 550 949 -

317 956 473 999 Consensus
485 957 578 993 quoad
588 959 805 987 Matrimonium
815 981 823 987 .
842 959 912 989 Vide
924 958 1076 988 Matrimo-

358 1004 432 1022 nium
444 1014 452 1021 .

324 1028 504 1057 Consuetudo
515 1029 543 1057 in
555 1039 617 1058 toro
629 1029 707 1058 Orbe
717 1038 826 1064 recepta
836 1029 966 1067 abrogari
977 1030 1075 1064 nequit

355 1063 391 1091 ab
403 1063 538 1098 Episcopo
549 1086 556 1091 .
572 1076 637 1102 pag.
650 1076 695 1097 45.
707 1066 730 1096 §.
745 1063 831 1100 Causa
842 1085 850 1091 .

317 1097 499 1127 Consuetudo
520 1098 669 1127 ordinandi
689 1098 864 1133 Presbyteros
885 1099 968 1127 titulo
991 1098 1074 1127 Men·

347 1132 380 1170 sit
392 1135 469 1168 viget
481 1134 509 1162 in
522 1135 672 1162 Germania
682 1155 689 1162 .
707 1138 800 1172 Paga&
823 1136 847 1166 §.
860 1133 896 1162 Et
905 1134 1070 1172 generalem.

317 1167 498 1198 Consuetudo
521 1179 571 1204 pro
584 1169 749 1205 acquirendo
769 1170 924 1198 Territorio
948 1168 1073 1204 separato

352 1202 493 1233 debeteffe
506 1204 738 1233 immemorabilis
751 1228 760 1239 ‚
776 1209 802 1233 &
812 1203 970 1234 universalis
980 1205 1073 1240 quoad

352 1249 452 1268 omnes
464 1240 538 1269 ειᾶιις
551 1240 718 1275 Epist-,opalis
741 1238 935 1275 iurisdictionis
945 1264 954 1275 ,
968 1252 1033 1280 pag.
1047 1252 1073 1270 2.

354 1276 378 1307 §.
394 1275 438 1303 Ob
449 1274 591 1311 comestam
605 1298 611 1304 .

316 1308 498 1339 Consuetudo
509 1311 600 1346 quoad
612 1309 709 1339 funera
720 1332 728 1338 .
744 1310 814 1340 Vide
824 1310 920 1339 Funus
931 1334 937 1339 .

315 1343 496 1374 Consuetudo
531 1346 625 1380 quoad
648 1355 776 1381 quartam
796 1345 950 1375 funeralem
966 1368 973 1376 .
992 1347 1064 1376 Vide

354 1380 461 1419 Quarta
462 1380 604 1416 funeralis
619 1402 627 1409 .

316 1416 498 1444 Consuetudo
511 1415 623 1444 reddere
636 1414 710 1443 valet
721 1416 912 1451 compatibilia
929 1416 1020 1446 officia
1033 1418 1069 1447 de

352 1453 411 1485 iure
420 1450 643 1486 incompatibilia
657 1472 662 1478 .
678 1461 744 1488 pag.
759 1461 790 1480 21
799 1462 820 1485 ς.
833 1453 856 1484 §.
872 1451 997 1481 Praterea
1009 1475 1015 1481 .

319 1487 528 1515 Conventiones
539 1487 612 1514 inirae
623 1487 652 1514 in
664 1488 797 1515 electione
819 1487 978 1522 Cappellani
991 1499 1074 1517 amo-

349 1520 444 1585 igidbilis
453 1543 463 1555 ,
482 1531 518 1550 an
529 1520 580 1550 sint
591 1521 760 1558 symoniacae
773 1524 788 1551 ἓ
803 1533 868 1562 pag.
884 1534 926 1557 29.
953 1525 978 1556 §.
992 1523 1069 1563 Quo-

320 1593 531 1623 Conventiones
544 1593 618 1623 initae
630 1594 659 1622 in
671 1592 852 1630 resignatione
864 1592 1007 1627 Beneficii,
1021 1593 1073 1623 sub

350 1627 539 1657 reservatione
563 1628 899 1664 beneplaciti-Apostolici
911 1653 918 1663 ,
939 1639 971 1657 an
986 1629 1068 1657 resol-

348 1673 452 1692 vantur
461 1687 469 1698 ‚
488 1663 508 1693 fi
519 1674 576 1692 non
589 1663 693 1693 fuerint
706 1664 831 1699 expressae
842 1689 848 1697 ‚
876 1668 903 1692 &
914 1665 1072 1699 approbatae

350 1698 380 1726 in
391 1699 479 1728 literis
489 1698 656 1735 Apostolicis
667 1698 762 1733 postea
772 1699 905 1735 expeditis
916 1702 930 1728 ἓ
941 1710 1069 1739 pagan.

356 1735 380 1766 S.
393 1733 453 1763 Nec
458 1743 538 1775 putat
551 1759 558 1764 .

323 1769 425 1798 Cruces
437 1769 516 1798 binas
530 1771 634 1807 erigere
646 1769 735 1805 potest
748 1770 908 1805 Capitulum
920 1769 1071 1799 Cathedra-

354 1804 387 1832 lis
410 1805 438 1833 in
451 1804 665 1834 Processionibus
677 1830 686 1840 ,
705 1806 804 1840 quibus
817 1806 965 1833 intervenit
989 1808 1074 1835 etiam

355 1839 517 1876 Collegium
531 1839 729 1874 Parochorum,
747 1850 831 1868 unam
842 1850 907 1869 anre
919 1840 1076 1870 Manliona-

355 1874 413 1903 rios
424 1896 433 1907 ‚
454 1879 481 1903 &
493 1875 684 1904 Seminaristas
695 1899 702 1907 ,
723 1876 839 1904 alteram
861 1885 925 1904 ante
938 1874 1010 1910 ipsos
1023 1879 1078 1906 Ca-

358 1911 475 1938 nonicos
489 1932 495 1938 .
511 1922 578 1950 pag.
595 1915 634 1943 53·
648 1913 671 1943 ξ.
685 1910 743 1939 ΙΧ.

386 1946 418 1973 In
441 1946 656 1974 Processionibus
668 1957 736 1975 vero
750 1943 759 1981 '‚
779 1956 838 1981 quae
851 1945 920 1974 fiunt
932 1946 1072 1977 occasione

353 1980 457 2015 Synodi
470 2005 478 2016 ,
492 1990 550 2009 tam
561 1982 721 2016 Capitulum
734 2006 741 2017 ‚
761 1991 845 2020 quam
857 1982 1015 2018 Collegium
1025 1986 1072 2012 Pa-

351 2015 502 2045 rochorum
514 2017 641 2045 incedere
654 2017 756 2046 debent
780 2017 829 2044 lub
839 2019 919 2045 unica
931 2019 1018 2046 Cruce
1030 2029 1072 2046 to-

352 2053 407 2079 tius
430 2053 525 2084 Cleri,
545 2052 714 2081 &elevanda
737 2051 777 2081 est
789 2053 866 2081 unica
885 2055 960 2081 Crux
970 2052 1070 2083 Cathe—

351 2085 434 2115 draJis
447 2108 453 2114 .
471 2099 508 2123 pa
529 2109 535 2115 .
556 2092 594 2118 (3.
610 2089 632 2120 ξ.
642 2088 682 2116 Χ.

389 2124 425 2151 Er
435 2123 463 2150 in
476 2133 491 2151 a
515 2123 655 2151 ociatione
667 2123 817 2152 Cadaveris
831 2147 838 2158 ‚
847 2133 882 2151 an
894 2123 975 2152 liceat
986 2125 1068 2152 Paro-

352 2155 446 2186 cho'in
469 2158 526 2187 redi
538 2157 733 2187 Catliedralem
746 2183 754 2193 ,
773 2169 836 2187 cum
849 2159 923 2187 stola
933 2182 942 2194 ,
962 2163 988 2187 δε
1001 2162 1070 2189 Cru-

354 2203 383 2221 ce
396 2203 440 2221 ere
469 2203 485 2221 a
497 2196 511 2222 ?
526 2199 590 2232 pag.
605 2200 647 2222 60.
662 2196 685 2227 §.
699 2193 858 2232 Ingreffum.

317 2228 414 2257 Cultus
437 2229 536 2257 Divini
549 2229 747 2258 incrementum
759 2253 768 2264 ‚
787 2233 813 2258 δε
823 2228 998 2258 conservatio
1011 2229 1069 2266 spe-

353 2264 409 2292 <stat
421 2263 455 2292 ad
467 2263 633 2299 Episcopum
647 2287 653 2293 .
670 2276 735 2302 pag.
750 2275 793 2298 74.
808 2266 831 2297 §.
842 2264 959 2292 Additur
972 2287 979 2293 .

315 2300 431 2327 Curatus
443 2301 598 2328 Canonicus
611 2299 733 2336 ablegari
743 2301 837 2334 nequit
845 2310 895 2334 pro
907 2309 1068 2330 controver-

350 2333 391 2363 fiis
402 2335 523 2369 Capituli
536 2357 543 2364 .
556 2346 623 2373 pag.
637 2342 698 2364 216.
711 2336 734 2368 ς’.
749 2334 893 2372 Propterea
905 2357 913 2364 .

660 2405 729 2474 D

321 2506 391 2576 D
401 2510 482 2539 Ebita
493 2513 669 2542 Haereditatis
692 2514 792 2543 reliiiae
816 2513 851 2542 ad
862 2513 921 2548 pios
933 2513 994 2543 usus
1007 2538 1015 2549 ,
1034 2524 1070 2543 an

411 2544 460 2573 fint
471 2546 637 2577 dimittenda
651 2552 665 2578 ?
680 2561 745 2588 pag.
761 2556 803 2582 64.
813 2551 835 2582 ς’.
848 2549 989 2577 Sollicitus
1002 2573 1008 2578 .

320 2581 447 2608 Decanus
458 2582 579 2621 Ecclesiae
591 2585 761 2613 Tridentinae
768 2583 807 2613 est
819 2586 846 2612 in
853 2583 1071 2619 posseffioneim-

355 2616 531 2655 memorabili
545 2616 649 2646 ferendi
663 2619 761 2654 duplex
775 2618 936 2656 suffragium
958 2621 986 2648 in
1000 2619 1072 2649 reso-

353 2650 505 2679 lutionibus
518 2653 720 2685 Capitularibus
732 2677 738 2683 .
754 2666 816 2692 pag.
825 2661 865 2683 16.
880 2657 904 2688 §.
917 2655 1047 2684 Decanus
1060 2679 1067 2684 .

325 2687 452 2715 Decanus
475 2685 603 2714 obtinens
615 2687 779 2723 dignitatem
793 2690 870 2718 timul
882 2714 890 2724 ‚
909 2695 936 2719 δι
948 2692 1069 2720 Canoni-

357 2731 448 2749 catum
461 2720 558 2762 duplex
571 2723 656 2750 etiam
667 2723 700 2753 de
712 2726 771 2760 jure
783 2723 869 2755 haber
880 2723 1041 2764 suffragium
1053 2749 1059 2756 .

349 2767 417 2801 pag.
432 2761 474 2785 16.
486 2762 510 2790 ς.
523 2755 651 2786 Decem
665 2777 671 2786 .

1134 357 1200 384 trice
1210 377 1220 388 ‚
1233 356 1332 390 quibus
1344 355 1473 384 oneribus
1483 356 1610 385 obnoxiat
1624 355 1673 384 sint
1684 366 1750 392 erga
1760 354 1850 383 Eccle-

1136 390 1202 454 fiailr1i
1209 390 1432 464 filiJ-lengypag.
1446 401 1506 425 103.
1520 396 1544 424 §-
1556 390 1642 428 Causa
1656 415 1664 426 ,
1684 390 1849 428 &pagaoffi

1138 431 1161 459 §-
1204 436 1214 454 t
1226 438 1254 454 nl
1264 438 1272 454 ι
1285 451 1292 462 ,
1362 437 1375 454 e
1394 449 1399 453 .
1579 446 1582 449 .

1099 464 1281 491 Decimarum
1304 438 1426 497 poilkisio
1450 460 1613 490 restituenda
1625 461 1667 490 est
1676 460 1850 490 Decimatori

1136 496 1253 532 spoliato
1267 520 1274 525 .
1291 509 1355 538 pag.
1372 508 1430 530 105.
1441 498 1464 529 §.
1479 497 1628 534 Capitulum
1640 519 1646 525 .
1810 504 1813 506 '

1104 535 1251 561 Decretum
1264 534 1420 568 Capitulare
1434 555 1440 561 .
1462 532 1530 561 Vide
1542 532 1692 568 Capitulum
1704 554 1710 561 .

1105 569 1254 605 Delegatus
1266 569 1301 597 ab
1312 569 1464 597 Ordinatio
1477 567 1693 608 jurisdictionem
1714 577 1853 603 acceptare

1102 604 1418 668 Βέξὲἰιξῑείὲπὶῗιτεηῐξῗῑξῐ
1424 613 1473 667 2i>1b9
1477 604 1743 672 bbncliffgsvrztgpassa
1750 649 1780 675 p.
1791 649 1802 667 1
1807 643 1823 666 6
1825 649 1855 668 2-

1139 676 1162 707 §.
1174 675 1212 703 Et
1218 684 1345 712 quatenus
1353 698 1359 704 .

1104 708 1272 738 Diffarnatio
1295 710 1388 745 quoad
1411 720 1502 739 mores
1516 708 1685 748 sufficit-pro
1699 707 1854 748 repellendo

1144 747 1331 775 Concurrente
1354 757 1370 774 a
1379 745 1505 775 beneficii
1518 745 1683 773 assecutione
1693 765 1712 783 ,ᾗ
1721 743 1784 772 licet
1797 754 1856 773 non

1145 779 1276 809 sufficeret
1288 781 1322 810 ad
1338 782 1515 822 irrogandam
1538 790 1649 816 poenam
1671 780 1834 814 privationis
1846 800 1858 808 .

1139 820 1249 881 pagio?
1256 817 1358 893 {3151}ss
1361 828 1469 881 apacrzggzl
1477 840 1483 845 ¹
1492 849 1650 891 diffamatio
1673 848 1817 878 confistens
1826 849 1857 879 in

1106 897 1293 951 niffiffiff
1306 887 1401 958 ἳὲῗέι·
1418 892 1557 958 ἔξῖἰιέῗέ·
1571 887 1859 958 ῗὲῃζῗὲἕωῖἶῖρω

1146 967 1269 986 remanet
1278 968 1326 993 per
1337 969 1397 987 rem
1408 958 1557 994 judicatam
1570 978 1578 984 .
1591 969 1657 996 pag.
1673 967 1731 990 191.
1745 958 1768 990 ἕ.
1786 954 1857 985 Ora-

1144 1002 1188 1020 tor
1199 1014 1205 1021 .

1108 1026 1330 1057 Dismeinbratio
1343 1028 1481 1057 Parochiae
1494 1027 1620 1057 Facienda
1641 1026 1681 1056 est
1693 1027 1731 1056 ob
1738 1027 1858 1055 nimiam

1143 1062 1369 1133 locidestantiam
1379 1087 1388 1099 ,
1407 1067 1434 1093 &
1444 1063 1631 1092 difficultatem
1638 1065 1690 1092 viae
1704 1085 1710 1092 .
1728 1072 1856 1102 pag.109.

1143 1102 1167 1130 §-
1214 1109 1224 1125 1
1254 1106 1330 1126 utam
1343 1120 1350 1127 .

1178 1134 1202 1161 V
1205 1109 1337 1162 ellsaltem
1350 1132 1552 1162 constituendus
1565 1133 1603 1171 est
1615 1134 1794 1168 cappellanus
1801 1135 1859 1162 Cu÷

1146 1177 1220 1209 rarus
1233 1168 1366 1198 continuo
1378 1168 1494 1198 residens
1508 1170 1537 1197 in
1549 1169 1612 1197 loco
1626 1191 1632 1197 .
1647 1179 1778 1207 pag.1o9.
1791 1168 1857 1202 §.At

1144 1215 1173 1232 m
1183 1215 1205 1232 t.

1166 1203 1278 1276 slllique
1302 1238 1457 1277 assignanda
1476 1239 1516 1269 est
1539 1249 1661 1268 coriorua
1682 1249 1715 1268 ex
1727 1239 1860 1275 decimis,

1142 1284 1209 1309 quas
1219 1277 1247 1304 in
1257 1277 1321 1304 loco
1328 1277 1443 1311 percipit
1455 1263 1751 1304 Parochnsssiabitualis
1760 1275 1855 1304 Ecde-

1134 1309 1176 1339 fiae
1188 1313 1314 1339 Matricis
1327 1333 1334 1339 .
1354 1311 1455 1339 Ibidem
1464 1333 1476 1345 .-
1780 1331 1783 1334 .

1168 1346 1237 1375 ‘Non
1251 1345 1290 1375 est
1303 1356 1396 1375 tamen
1409 1347 1483 1375 locus
1495 1344 1759 1380 dismembrationi,
1771 1344 1860 1375 simo-

1140 1380 1203 1448 {hcl}
1213 1381 1244 1410 sit
1255 1381 1384 1410 distantia
1394 1405 1404 1416 ,
1421 1382 1467 1410 vel
1479 1382 1623 1411 difficultas
1630 1383 1682 1411 via:
1696 1403 1703 1410 .
1719 1391 1853 1420 pagare.

1158 1438 1163 1442 .
1204 1428 1235 1444 ῙΟ
1262 1426 1318 1445 “7⁶12
1329 1439 1335 1444 .
1422 1429 1424 1431 ’
1577 1425 1582 1428 ⁴

1147 1469 1150 1471 -
1163 1450 1229 1480 “Vel
1250 1463 1260 1480 1
1273 1454 1429 1480 animarum
1440 1462 1508 1480 curae
1521 1450 1751 1481 satis.consultum
1769 1449 1800 1479 fit
1810 1461 1860 1487 per

1143 1489 1327 1551 retenjibogem
1337 1487 1497 1522 Cappellani
1509 1489 1604 1516 Curati
1616 1510 1625 1522 ,
1644 1486 1690 1515 seu
1702 1485 1857 1516 Coadiuto«

1141 1531 1176 1550 ns
1189 1545 1195 1550 .
1250 1534 1259 1551 ι
1279 1533 1319 1550 em
1331 1545 1338 1551 .

1175 1559 1210 1585 Et
1221 1559 1250 1586 in
1261 1559 1406 1586 Provincia
1418 1557 1576 1594 Rrysgoviae
1588 1559 1665 1595 viget
1671 1556 1859 1596 consuetudo,

1142 1593 1217 1626 quod
1241 1592 1402 1631 hujusmodi
1423 1595 1606 1623 Coadiutores
1632 1593 1764 1623 relideant
1785 1594 1859 1629 apud

1142 1629 1290 1657 Matricem
1303 1651 1309 1656 .
1326 1640 1391 1667 pag.
1409 1638 1418 1656 1
1427 1639 1467 1658 10.
1481 1631 1504 1663 §.
1517 1629 1605 1657 Immo
1617 1650 1624 1657 .

1106 1661 1283 1698 Dispensatio
1295 1663 1330 1692 ab
1340 1665 1540 1701 irregularitate
1564 1664 1600 1693 ad
1613 1662 1767 1693 cautbelam
1777 1664 1858 1693 datur

1141 1699 1301 1734 Sacerdoti,
1320 1701 1368 1735 qui
1379 1700 1553 1729 Medicinam
1565 1701 1686 1729 exercuit
1703 1699 1857 1729 sineindiil-

1138 1743 1172 1774 ,to
1184 1757 1191 1763 .
1208 1746 1272 1774 pag.
1288 1745 1349 1768 227.
1370 1736 1392 1767 §.
1407 1736 1548 1764 Contendit
1560 1757 1568 1764 .

1106 1768 1282 1804 Dispensatio
1308 1781 1322 1799 a
1334 1771 1427 1807 legum
1439 1795 1447 1806 ‚
1466 1771 1511 1799 vel
1522 1773 1669 1800 Canonum
1691 1770 1803 1799 vinculo
1816 1771 1858 1799 in-

1147 1805 1283 1842 dulgenda
1296 1804 1336 1834 est
1346 1828 1357 1839 ,
1377 1815 1555 1835 concurrente
1567 1805 1719 1835 necestitate
1728 1829 1737 1841 ,
1755 1806 1800 1835 vel
1808 1816 1861 1841 pu-

1146 1839 1218 1879 blica
1230 1842 1349 1870 utilitate
1363 1863 1369 1869 .
1404 1852 1448 1880 ag.
1462 1846 1485 1870 8.
1500 1843 1522 1875 ς’.
1535 1841 1617 1870 Redit
1627 1863 1634 1869 .

1113 1874 1290 1910 Dispensatio
1312 1887 1328 1905 a
1341 1875 1371 1905 su
1386 1878 1507 1912 ceptione
1529 1879 1639 1906 Laureae
1651 1876 1818 1907 Doctoralis.
1830 1877 1860 1906 in

1147 1913 1205 1940 Sac.
1219 1911 1379 1948 Theologia
1391 1912 1471 1940 datur
1496 1913 1524 1940 in
1538 1912 1640 1941 casibus
1652 1911 1861 1948 particularibus,

1145 1948 1289 1976 Canonico
1301 1948 1451 1987 Theologo
1464 1948 1582 1976 DoCtori
1593 1949 1622 1976 in
1634 1950 1692 1983 jure
1705 1949 1858 1977 Canonico.

1106 1984 1696 2060 Digne-..rai{f;{25{?r.1.g.0.1.‚2„
1721 2017 1858 2048 mm...-

1139 2052 1232 2091 -denda
1245 2060 1253 2082 ?
1268 2065 1332 2092 pag.
1347 2059 1406 2086 1³8.
1419 2060 1442 2087 §—
1455 2054 1610 2083 Arbitrum
1622 2077 1628 2083 .
1771 2077 1779 2082 .
1806 2060 1808 2062 ’

1106 2086 1283 2126 Dispensaiio
1293 2091 1380 2118 aetatis
1392 2112 1398 2118 .
1419 2090 1486 2119 Vide
1493 2091 1596 2118 AEtaeis
1607 2089 1767 2127 dispensatio
1774 2103 1787 2116 -.

1105 2121 1282 2157 Dispensatio
1295 2125 1484 2154 conditionata
1496 2136 1552 2153 non
1562 2124 1688 2160 prodest,
1698 2135 1754 2154 non
1761 2121 1854 2159 purifi-

1137 2168 1201 2198 ⁴cata
1212 2160 1373 2189 conditione
1385 2183 1390 2189 .
1409 2172 1474 2200 pag.
1489 2172 1529 2195 14-
1541 2162 1566 2193 §.
1576 2161 1614 2189 Et
1621 2161 1683 2189 licet
1695 2184 1700 2189 .
1724 2195 1730 2200 .
1744 2195 1750 2200 ,
1833 2196 1838 2200 .

1106 2192 1281 2228 Dispensatio
1294 2196 1384 2230 quoad
1397 2195 1530 2225 beneficia
1551 2194 1783 2231 incompatibilia.
1802 2197 1853 2224 Vi·

1137 2229 1175 2269 *de
1188 2229 1322 2267 Beneficia
1334 2231 1546 2268 incompatibilia
1559 2254 1566 2260 .
1729 2265 1734 2270 ,

1105 2264 1282 2300 Dispensatio
1295 2265 1373 2301 super
1383 2267 1491 2296 defectu
1503 2267 1642 2303 qualitatis
1663 2263 1789 2300 reqmfitae
1800 2275 1851 2300 pro

1139 2300 1331 2330 consecutione
1356 2302 1481 2331 beneficii
1493 2327 1501 2337 ,
1520 2313 1554 2331 an
1575 2302 1606 2331 fit
1628 2299 1800 2330 concedenda
1821 2302 1850 2330 in

1139 2337 1329 2371 prejudicium
1343 2336 1482 2366 substituti
1494 2341 1508 2367 ,Ρ
1526 2350 1588 2376 pag.
1603 2340 1646 2365 68.
1659 2338 1682 2368 §.
1693 2335 1786 2376 Neque
1796 2358 1803 2365 .

1102 2370 1277 2406 Dispensatio
1299 2370 1377 2407 super
1388 2374 1595 2402 ordinationum
1617 2371 1698 2400 titulo
1710 2369 1791 2400 facile
1822 2381 1851 2399 er

1134 2407 1232 2469 {ejdem
1241 2406 1429 2443 Apostolicarn
1454 2408 1608 2445 indulgetur
1620 2428 1626 2434 .
1641 2417 1706 2444 pag.
1721 2411 1744 2435 8.
1758 2408 1781 2439 §.
1794 2381 1849 2435 lge-

1159 2452 1180 2470 zt
1191 2465 1197 2471 .

1103 2476 1318 2509 Distributiones
1332 2491 1386 2508 non
1400 2487 1536 2515 perceptas
1557 2475 1652 2506 absens
1663 2487 1719 2505 non
1733 2476 1852 2507 lucratur

1142 2515 1246 2543 ratione
1258 2515 1337 2544 bonae
1349 2515 1413 2543 fidei
1425 2536 1432 2542 .
1448 2526 1510 2551 pag.
1520 2524 1562 2547 44.
1575 2514 1598 2546 §.
1611 2512 1761 2549 Capiti-‘lum
1775 2535 1780 2540 .

1094 2546 1318 2579 vDistributiones
1343 2549 1666 2585 quotidiana-‘lucrantur
1689 2558 1738 2582 pro
1765 2546 1854 2577 modo

1143 2584 1255 2619 praestiti
1268 2585 1370 2614 servitii
1377 2596 1441 2623 pag.
1471 2596 1496 2618 7.
1509 2584 1532 2615 §.
1545 2583 1579 2611 In
1595 2583 1750 2623 Vistftassrione
1763 2605 1769 2611 .
1843 2619 1848 2624 ι
1892 2620 1895 2625 .

1177 2622 1210 2648 Et
1218 2621 1291 2649 aetio
1300 2622 1358 2649 illas
1369 2630 1447 2655 peren
1468 2620 1538 2647 inon
1548 2618 1728 2653 praescribitur
1746 2620 1849 2648 minori
1892 2630 1893 2635 ¹

1141 2653 1229 2687 spatio
1242 2657 1352 2693 triginta
1363 2665 1495 2684 annorum
1507 2676 1516 2694 .·
1536 2654 1637 2682 Ibidem
1651 2677 1657 2683 .

1104 2688 1351 2719 Distributionfbus
1361 2689 1528 2725 quotidianis
1541 2691 1567 2717 in
1581 2689 1790 2720 Cathcdralibus
1800 2711 1810 2722 ‚
1823 2693 1851 2718 8(

1133 2725 1294 2762 Collegiatis
1305 2724 1425 2754 Ecclefiis
1437 2748 1444 2759 ‚
1463 2725 1511 2753 ubi
1526 2735 1617 2753 tenues
1631 2725 1706 2761 sunt,
1721 2725 1850 2761 applicari

1133 2760 1214 2790 debet
1224 2761 1304 2790 tertia
1313 2770 1374 2796 pars
1392 2758 1528 2791 fructuum
1541 2760 1703 2798 singularum
1726 2762 1852 2822 Praebfin-

1822 2803 1850 2822 λῶ
