<?xml version="1.0" encoding="UTF-8"?>
<!DOCTYPE html PUBLIC "-//W3C//DTD XHTML 1.0 Transitional//EN"
    "http://www.w3.org/TR/xhtml1/DTD/xhtml1-transitional.dtd">
<html xmlns="http://www.w3.org/1999/xhtml" xml:lang="en" lang="en">
 <head>
  <title>
</title>
<meta http-equiv="Content-Type" content="text/html;charset=utf-8" />
  <meta name='ocr-system' content='tesseract 3.04.00' />
  <meta name='ocr-capabilities' content='ocr_page ocr_carea ocr_par ocr_line ocrx_word'/>
</head>
<body>
  <div class='ocr_page' id='page_1' title='image "./thesaurusresolut30cath_0467.png"; bbox 0 0 1934 2954; ppageno 0'>
   <div class='ocr_carea' id='block_1_1' title="bbox 98 225 1427 308">
    <p class='ocr_par' dir='ltr' id='par_1_1' title="bbox 98 225 1427 308">
     <span class='ocr_line' id='line_1_1' title="bbox 98 225 1427 308; baseline -0.002 -3"><span class='ocrx_word' id='word_1_1' title='bbox 98 266 245 306; x_wconf 82' lang='lat' dir='ltr'>fitione</span> <span class='ocrx_word' id='word_1_2' title='bbox 263 259 368 300; x_wconf 57' lang='lat' dir='ltr'>fasta</span> <span class='ocrx_word' id='word_1_3' title='bbox 385 259 453 300; x_wconf 89' lang='lat' dir='ltr'>die</span> <span class='ocrx_word' id='word_1_4' title='bbox 471 263 509 300; x_wconf 82' lang='lat'>6.</span> <span class='ocrx_word' id='word_1_5' title='bbox 528 259 710 300; x_wconf 86' lang='lat' dir='ltr'>eiusdem</span> <span class='ocrx_word' id='word_1_6' title='bbox 723 260 866 299; x_wconf 86' lang='lat' dir='ltr'>menfis</span> <span class='ocrx_word' id='word_1_7' title='bbox 885 258 1123 305; x_wconf 85' lang='lat' dir='ltr'>Februarii,</span> <span class='ocrx_word' id='word_1_8' title='bbox 1156 262 1288 301; x_wconf 85' lang='lat' dir='ltr'>testati</span> <span class='ocrx_word' id='word_1_9' title='bbox 1306 225 1427 308; x_wconf 50' lang='lat' dir='ltr'>suuis:</span> 
     </span>
    </p>
   </div>
   <div class='ocr_carea' id='block_1_2' title="bbox 39 312 1438 2870">
    <p class='ocr_par' dir='ltr' id='par_1_2' title="bbox 83 312 1430 836">
     <span class='ocr_line' id='line_1_2' title="bbox 100 312 1427 368; baseline 0 -15"><span class='ocrx_word' id='word_1_10' title='bbox 100 316 208 368; x_wconf 86' lang='lat' dir='ltr'>quod</span> <span class='ocrx_word' id='word_1_11' title='bbox 226 314 438 364; x_wconf 71' lang='lat' dir='ltr'>praesentes</span> <span class='ocrx_word' id='word_1_12' title='bbox 451 314 619 365; x_wconf 88' lang='lat' dir='ltr'>quidem</span> <span class='ocrx_word' id='word_1_13' title='bbox 634 313 797 353; x_wconf 82' lang='lat' dir='ltr'>fuerunt</span> <span class='ocrx_word' id='word_1_14' title='bbox 814 339 826 358; x_wconf 84' lang='lat'>‚</span> <span class='ocrx_word' id='word_1_15' title='bbox 858 313 957 351; x_wconf 90' lang='lat' dir='ltr'>dum</span> <span class='ocrx_word' id='word_1_16' title='bbox 984 312 1134 352; x_wconf 76' lang='lat' dir='ltr'>Comes</span> <span class='ocrx_word' id='word_1_17' title='bbox 1161 313 1395 354; x_wconf 80' lang='lat' dir='ltr'>Ludovicus</span> <span class='ocrx_word' id='word_1_18' title='bbox 1414 341 1427 361; x_wconf 89' lang='lat'>,</span> 
     </span>
     <span class='ocr_line' id='line_1_3' title="bbox 100 365 1427 416; baseline -0.001 -11"><span class='ocrx_word' id='word_1_19' title='bbox 100 372 140 410; x_wconf 59' lang='grc' dir='ltr'>ἃς</span> <span class='ocrx_word' id='word_1_20' title='bbox 157 367 363 409; x_wconf 85' lang='lat' dir='ltr'>Francisca</span> <span class='ocrx_word' id='word_1_21' title='bbox 380 366 693 416; x_wconf 80' lang='lat' dir='ltr'>alloquebantur</span> <span class='ocrx_word' id='word_1_22' title='bbox 724 365 951 405; x_wconf 86' lang='lat' dir='ltr'>Parochum</span> <span class='ocrx_word' id='word_1_23' title='bbox 970 392 981 410; x_wconf 91' lang='grc'>.,</span> <span class='ocrx_word' id='word_1_24' title='bbox 1012 365 1115 404; x_wconf 86' lang='lat' dir='ltr'>nihil</span> <span class='ocrx_word' id='word_1_25' title='bbox 1144 376 1281 405; x_wconf 86' lang='lat' dir='ltr'>tamen</span> <span class='ocrx_word' id='word_1_26' title='bbox 1310 368 1427 405; x_wconf 88' lang='lat' dir='ltr'>audi-</span> 
     </span>
     <span class='ocr_line' id='line_1_4' title="bbox 99 418 1426 469; baseline -0.003 -9"><span class='ocrx_word' id='word_1_27' title='bbox 99 428 248 460; x_wconf 83' lang='lat' dir='ltr'>verunt</span> <span class='ocrx_word' id='word_1_28' title='bbox 261 445 274 464; x_wconf 87' lang='lat'>,</span> <span class='ocrx_word' id='word_1_29' title='bbox 308 420 379 458; x_wconf 83' lang='lat' dir='ltr'>nifi</span> <span class='ocrx_word' id='word_1_30' title='bbox 396 418 568 459; x_wconf 69' lang='lat' dir='ltr'>Par-ochi</span> <span class='ocrx_word' id='word_1_31' title='bbox 596 420 716 459; x_wconf 88' lang='lat' dir='ltr'>verba</span> <span class='ocrx_word' id='word_1_32' title='bbox 749 432 776 452; x_wconf 88' lang='lat'><strong><em>=</em></strong></span> <span class='ocrx_word' id='word_1_33' title='bbox 796 419 892 468; x_wconf 80' lang='lat' dir='ltr'>state</span> <span class='ocrx_word' id='word_1_34' title='bbox 902 428 967 468; x_wconf 78' lang='lat' dir='ltr'>per</span> <span class='ocrx_word' id='word_1_35' title='bbox 981 420 1183 469; x_wconf 81' lang='lat' dir='ltr'>Testimonii</span> <span class='ocrx_word' id='word_1_36' title='bbox 1195 435 1222 455; x_wconf 86' lang='lat'><strong>:</strong></span> <span class='ocrx_word' id='word_1_37' title='bbox 1241 443 1253 462; x_wconf 90' lang='lat'><strong>‚</strong></span> <span class='ocrx_word' id='word_1_38' title='bbox 1280 419 1426 468; x_wconf 82' lang='lat' dir='ltr'>quibus</span> 
     </span>
     <span class='ocr_line' id='line_1_5' title="bbox 93 470 1430 521; baseline -0.004 -8"><span class='ocrx_word' id='word_1_39' title='bbox 93 472 300 514; x_wconf 80' lang='lat' dir='ltr'>excitatus</span> <span class='ocrx_word' id='word_1_40' title='bbox 320 472 361 510; x_wconf 91' lang='lat' dir='ltr'>P.</span> <span class='ocrx_word' id='word_1_41' title='bbox 377 471 522 521; x_wconf 82' lang='lat' dir='ltr'>Joseph</span> <span class='ocrx_word' id='word_1_42' title='bbox 541 471 607 513; x_wconf 89' lang='lat' dir='ltr'>del</span> <span class='ocrx_word' id='word_1_43' title='bbox 625 470 845 511; x_wconf 79' lang='lat' dir='ltr'>Maffaccio</span> <span class='ocrx_word' id='word_1_44' title='bbox 873 471 1142 521; x_wconf 86' lang='lat' dir='ltr'>interrogavit</span> <span class='ocrx_word' id='word_1_45' title='bbox 1156 487 1182 508; x_wconf 87' lang='lat'>:</span> <span class='ocrx_word' id='word_1_46' title='bbox 1200 472 1276 520; x_wconf 87' lang='lat' dir='ltr'>cosa</span> <span class='ocrx_word' id='word_1_47' title='bbox 1294 476 1312 510; x_wconf 73' lang='grc' dir='ltr'><em>ἑ</em></span> <span class='ocrx_word' id='word_1_48' title='bbox 1328 496 1342 516; x_wconf 85' lang='grc'>,</span> <span class='ocrx_word' id='word_1_49' title='bbox 1374 484 1430 509; x_wconf 80' lang='lat' dir='ltr'><em>co·-</em></span> 
     </span>
     <span class='ocr_line' id='line_1_6' title="bbox 83 523 1430 576; baseline -0.003 -11"><span class='ocrx_word' id='word_1_50' title='bbox 83 526 134 576; x_wconf 72' lang='grc' dir='ltr'>[α</span> <span class='ocrx_word' id='word_1_51' title='bbox 150 529 171 564; x_wconf 77' lang='grc' dir='ltr'><strong><em>ὲ</em></strong></span> <span class='ocrx_word' id='word_1_52' title='bbox 200 527 221 563; x_wconf 76' lang='lat' dir='ltr'>r’</span> <span class='ocrx_word' id='word_1_53' title='bbox 247 540 276 562; x_wconf 86' lang='lat'>=</span> <span class='ocrx_word' id='word_1_54' title='bbox 307 523 495 575; x_wconf 81' lang='lat' dir='ltr'>quodque</span> <span class='ocrx_word' id='word_1_55' title='bbox 526 524 642 564; x_wconf 90' lang='lat' dir='ltr'>nullo</span> <span class='ocrx_word' id='word_1_56' title='bbox 665 532 837 573; x_wconf 86' lang='lat' dir='ltr'>accepto</span> <span class='ocrx_word' id='word_1_57' title='bbox 868 525 1053 574; x_wconf 86' lang='lat' dir='ltr'>responso</span> <span class='ocrx_word' id='word_1_58' title='bbox 1071 550 1083 570; x_wconf 93' lang='lat'><em>‚</em></span> <span class='ocrx_word' id='word_1_59' title='bbox 1112 523 1316 563; x_wconf 84' lang='lat' dir='ltr'>Parochus</span> <span class='ocrx_word' id='word_1_60' title='bbox 1346 523 1430 572; x_wconf 79' lang='lat' dir='ltr'>pri-</span> 
     </span>
     <span class='ocr_line' id='line_1_7' title="bbox 92 576 1428 627; baseline -0.003 -11"><span class='ocrx_word' id='word_1_61' title='bbox 92 580 211 618; x_wconf 76' lang='lat' dir='ltr'>mum</span> <span class='ocrx_word' id='word_1_62' title='bbox 224 602 237 621; x_wconf 88' lang='lat'><strong>‚</strong></span> <span class='ocrx_word' id='word_1_63' title='bbox 266 589 360 616; x_wconf 86' lang='lat' dir='ltr'>mox</span> <span class='ocrx_word' id='word_1_64' title='bbox 380 578 448 626; x_wconf 80' lang='lat' dir='ltr'>ipfi</span> <span class='ocrx_word' id='word_1_65' title='bbox 464 576 650 616; x_wconf 88' lang='lat' dir='ltr'>abierunt</span> <span class='ocrx_word' id='word_1_66' title='bbox 667 603 680 622; x_wconf 91' lang='lat'>‚</span> <span class='ocrx_word' id='word_1_67' title='bbox 699 578 822 625; x_wconf 70' lang='lat' dir='ltr'>senza</span> <span class='ocrx_word' id='word_1_68' title='bbox 832 576 963 626; x_wconf 83' lang='lat' dir='ltr'><em>sapere</em></span> <span class='ocrx_word' id='word_1_69' title='bbox 987 577 1160 626; x_wconf 79' lang='lat' dir='ltr'>cosafhffe</span> <span class='ocrx_word' id='word_1_70' title='bbox 1173 601 1185 621; x_wconf 92' lang='lat'>‚</span> <span class='ocrx_word' id='word_1_71' title='bbox 1194 578 1343 627; x_wconf 81' lang='lat' dir='ltr'>ficcome</span> <span class='ocrx_word' id='word_1_72' title='bbox 1358 589 1428 613; x_wconf 81' lang='lat' dir='ltr'>non</span> 
     </span>
     <span class='ocr_line' id='line_1_8' title="bbox 90 629 1428 680; baseline -0.001 -13"><span class='ocrx_word' id='word_1_73' title='bbox 90 629 316 680; x_wconf 82' lang='lat' dir='ltr'>losappiamo</span> <span class='ocrx_word' id='word_1_74' title='bbox 342 639 495 679; x_wconf 78' lang='lat' dir='ltr'>neppure</span> <span class='ocrx_word' id='word_1_75' title='bbox 513 633 592 679; x_wconf 80' lang='lat' dir='ltr'>oggi</span> <span class='ocrx_word' id='word_1_76' title='bbox 609 653 622 673; x_wconf 85' lang='lat'><strong>‚</strong></span> <span class='ocrx_word' id='word_1_77' title='bbox 650 644 671 667; x_wconf 82' lang='lat' dir='ltr'>a</span> <span class='ocrx_word' id='word_1_78' title='bbox 686 631 826 679; x_wconf 78' lang='lat' dir='ltr'>rifi‘rva</span> <span class='ocrx_word' id='word_1_79' title='bbox 840 632 882 667; x_wconf 78' lang='lat' dir='ltr'>di</span> <span class='ocrx_word' id='word_1_80' title='bbox 894 630 1018 668; x_wconf 68' lang='lat' dir='ltr'>alcuna</span> <span class='ocrx_word' id='word_1_81' title='bbox 1036 630 1147 669; x_wconf 82' lang='lat' dir='ltr'>ciarle</span> <span class='ocrx_word' id='word_1_82' title='bbox 1163 655 1174 674; x_wconf 91' lang='lat'>,</span> <span class='ocrx_word' id='word_1_83' title='bbox 1201 631 1263 667; x_wconf 88' lang='lat' dir='ltr'>che</span> <span class='ocrx_word' id='word_1_84' title='bbox 1272 630 1305 679; x_wconf 79' lang='lat' dir='ltr'>si</span> <span class='ocrx_word' id='word_1_85' title='bbox 1313 629 1428 676; x_wconf 79' lang='lat' dir='ltr'>fanno</span> 
     </span>
     <span class='ocr_line' id='line_1_9' title="bbox 86 679 1428 733; baseline -0.002 -12"><span class='ocrx_word' id='word_1_86' title='bbox 86 692 156 733; x_wconf 83' lang='lat' dir='ltr'>per</span> <span class='ocrx_word' id='word_1_87' title='bbox 168 684 338 722; x_wconf 65' lang='lat' dir='ltr'>laCittd.</span> <span class='ocrx_word' id='word_1_88' title='bbox 369 683 422 721; x_wconf 88' lang='lat' dir='ltr'>Et</span> <span class='ocrx_word' id='word_1_89' title='bbox 439 684 517 720; x_wconf 87' lang='lat' dir='ltr'>hoc</span> <span class='ocrx_word' id='word_1_90' title='bbox 535 682 663 730; x_wconf 91' lang='lat' dir='ltr'>ipsum</span> <span class='ocrx_word' id='word_1_91' title='bbox 680 682 972 722; x_wconf 86' lang='lat' dir='ltr'>confirmarunt</span> <span class='ocrx_word' id='word_1_92' title='bbox 1002 682 1042 721; x_wconf 89' lang='lat' dir='ltr'>in</span> <span class='ocrx_word' id='word_1_93' title='bbox 1060 683 1153 722; x_wconf 85' lang='lat' dir='ltr'>aliis</span> <span class='ocrx_word' id='word_1_94' title='bbox 1179 680 1325 726; x_wconf 82' lang='lat' dir='ltr'>juratis</span> <span class='ocrx_word' id='word_1_95' title='bbox 1353 679 1428 719; x_wconf 88' lang='lat' dir='ltr'>de-</span> 
     </span>
     <span class='ocr_line' id='line_1_10' title="bbox 90 731 1427 785; baseline -0.001 -11"><span class='ocrx_word' id='word_1_96' title='bbox 90 735 394 775; x_wconf 87' lang='lat' dir='ltr'>clarationibus</span> <span class='ocrx_word' id='word_1_97' title='bbox 409 760 422 780; x_wconf 90' lang='lat'>‚</span> <span class='ocrx_word' id='word_1_98' title='bbox 439 746 537 785; x_wconf 84' lang='lat' dir='ltr'>quas</span> <span class='ocrx_word' id='word_1_99' title='bbox 554 733 720 775; x_wconf 84' lang='lat' dir='ltr'>P.Stufa</span> <span class='ocrx_word' id='word_1_100' title='bbox 739 734 805 776; x_wconf 91' lang='lat' dir='ltr'>die</span> <span class='ocrx_word' id='word_1_101' title='bbox 822 735 969 784; x_wconf 85' lang='lat' dir='ltr'>prima,</span> <span class='ocrx_word' id='word_1_102' title='bbox 986 734 1101 774; x_wconf 83' lang='lat' dir='ltr'>P.del</span> <span class='ocrx_word' id='word_1_103' title='bbox 1119 732 1344 774; x_wconf 86' lang='lat' dir='ltr'>Maffaccio</span> <span class='ocrx_word' id='word_1_104' title='bbox 1357 731 1427 772; x_wconf 80' lang='lat' dir='ltr'>die</span> 
     </span>
     <span class='ocr_line' id='line_1_11' title="bbox 86 786 1061 836; baseline 0.002 -11"><span class='ocrx_word' id='word_1_105' title='bbox 86 786 393 836; x_wconf 76' lang='lat' dir='ltr'>.2.Septembris</span> <span class='ocrx_word' id='word_1_106' title='bbox 410 786 591 832; x_wconf 77' lang='lat' dir='ltr'>ejusdem</span> <span class='ocrx_word' id='word_1_107' title='bbox 608 787 701 826; x_wconf 87' lang='lat' dir='ltr'>anni</span> <span class='ocrx_word' id='word_1_108' title='bbox 716 786 1032 836; x_wconf 79' lang='lat' dir='ltr'>subscripserunt</span> <span class='ocrx_word' id='word_1_109' title='bbox 1051 818 1061 827; x_wconf 90' lang='lat'><em>.</em></span> 
     </span>
    </p>

    <p class='ocr_par' dir='ltr' id='par_1_3' title="bbox 39 834 1431 1567">
     <span class='ocr_line' id='line_1_12' title="bbox 39 834 1428 889; baseline -0.002 -10"><span class='ocrx_word' id='word_1_110' title='bbox 39 834 88 879; x_wconf 83' lang='lat' dir='ltr'>In</span> <span class='ocrx_word' id='word_1_111' title='bbox 104 840 282 888; x_wconf 84' lang='lat' dir='ltr'>Epistola</span> <span class='ocrx_word' id='word_1_112' title='bbox 295 847 436 879; x_wconf 87' lang='lat' dir='ltr'>tamen</span> <span class='ocrx_word' id='word_1_113' title='bbox 451 862 464 883; x_wconf 82' lang='lat'>‚</span> <span class='ocrx_word' id='word_1_114' title='bbox 486 850 608 889; x_wconf 88' lang='lat' dir='ltr'>quam</span> <span class='ocrx_word' id='word_1_115' title='bbox 626 839 785 880; x_wconf 87' lang='lat' dir='ltr'>interea</span> <span class='ocrx_word' id='word_1_116' title='bbox 803 840 926 879; x_wconf 86' lang='lat' dir='ltr'>Pater</span> <span class='ocrx_word' id='word_1_117' title='bbox 941 839 1008 879; x_wconf 91' lang='lat' dir='ltr'>del</span> <span class='ocrx_word' id='word_1_118' title='bbox 1025 839 1245 880; x_wconf 82' lang='lat' dir='ltr'>Massaccio</span> <span class='ocrx_word' id='word_1_119' title='bbox 1261 838 1428 887; x_wconf 81' lang='lat' dir='ltr'>scripse-</span> 
     </span>
     <span class='ocr_line' id='line_1_13' title="bbox 92 890 1428 942; baseline -0.003 -10"><span class='ocrx_word' id='word_1_120' title='bbox 92 900 158 932; x_wconf 82' lang='lat' dir='ltr'>rat</span> <span class='ocrx_word' id='word_1_121' title='bbox 186 892 237 933; x_wconf 90' lang='lat' dir='ltr'>ad</span> <span class='ocrx_word' id='word_1_122' title='bbox 250 890 461 931; x_wconf 85' lang='lat' dir='ltr'>Vicarium</span> <span class='ocrx_word' id='word_1_123' title='bbox 480 891 729 932; x_wconf 82' lang='lat' dir='ltr'>Generalem</span> <span class='ocrx_word' id='word_1_124' title='bbox 749 893 932 933; x_wconf 83' lang='lat' dir='ltr'>Fabriani</span> <span class='ocrx_word' id='word_1_125' title='bbox 950 893 1017 931; x_wconf 88' lang='lat' dir='ltr'>die</span> <span class='ocrx_word' id='word_1_126' title='bbox 1042 904 1100 936; x_wconf 85' lang='lat'>15.</span> <span class='ocrx_word' id='word_1_127' title='bbox 1118 891 1227 942; x_wconf 86' lang='lat' dir='ltr'>Junii</span> <span class='ocrx_word' id='word_1_128' title='bbox 1243 916 1256 935; x_wconf 84' lang='lat'>‚</span> <span class='ocrx_word' id='word_1_129' title='bbox 1272 891 1428 930; x_wconf 84' lang='lat' dir='ltr'>fateba-</span> 
     </span>
     <span class='ocr_line' id='line_1_14' title="bbox 95 943 1431 995; baseline -0.001 -11"><span class='ocrx_word' id='word_1_130' title='bbox 95 943 337 995; x_wconf 49' lang='lat' dir='ltr'>tursquod</span> <span class='ocrx_word' id='word_1_131' title='bbox 359 943 519 992; x_wconf 81' lang='lat' dir='ltr'>pridem</span> <span class='ocrx_word' id='word_1_132' title='bbox 553 944 750 984; x_wconf 87' lang='lat' dir='ltr'>notitiam</span> <span class='ocrx_word' id='word_1_133' title='bbox 785 944 915 985; x_wconf 82' lang='lat' dir='ltr'>futuri</span> <span class='ocrx_word' id='word_1_134' title='bbox 939 944 1203 985; x_wconf 81' lang='lat' dir='ltr'>Matrimonii</span> <span class='ocrx_word' id='word_1_135' title='bbox 1233 944 1431 982; x_wconf 85' lang='lat' dir='ltr'>habuerat</span> 
     </span>
     <span class='ocr_line' id='line_1_15' title="bbox 92 994 1431 1047; baseline -0.003 -11"><span class='ocrx_word' id='word_1_136' title='bbox 92 1008 118 1036; x_wconf 77' lang='lat' dir='ltr'>a</span> <span class='ocrx_word' id='word_1_137' title='bbox 135 995 259 1037; x_wconf 87' lang='lat' dir='ltr'>Patre</span> <span class='ocrx_word' id='word_1_138' title='bbox 277 996 395 1039; x_wconf 81' lang='lat' dir='ltr'>Stufa</span> <span class='ocrx_word' id='word_1_139' title='bbox 412 1007 422 1034; x_wconf 94' lang='lat'>:</span> <span class='ocrx_word' id='word_1_140' title='bbox 449 995 557 1047; x_wconf 83' lang='lat' dir='ltr'>quod</span> <span class='ocrx_word' id='word_1_141' title='bbox 585 996 654 1036; x_wconf 87' lang='lat' dir='ltr'>die</span> <span class='ocrx_word' id='word_1_142' title='bbox 672 1009 709 1046; x_wconf 75' lang='lat'>4.</span> <span class='ocrx_word' id='word_1_143' title='bbox 729 997 963 1042; x_wconf 81' lang='lat' dir='ltr'>Februarii,</span> <span class='ocrx_word' id='word_1_144' title='bbox 997 998 1094 1037; x_wconf 88' lang='lat' dir='ltr'>dum</span> <span class='ocrx_word' id='word_1_145' title='bbox 1126 997 1274 1036; x_wconf 87' lang='lat' dir='ltr'>Comes</span> <span class='ocrx_word' id='word_1_146' title='bbox 1293 994 1431 1034; x_wconf 72' lang='lat' dir='ltr'>Ludo-—</span> 
     </span>
     <span class='ocr_line' id='line_1_16' title="bbox 93 1048 1430 1100; baseline -0.001 -12"><span class='ocrx_word' id='word_1_147' title='bbox 93 1049 212 1089; x_wconf 80' lang='lat' dir='ltr'>vicus</span> <span class='ocrx_word' id='word_1_148' title='bbox 230 1072 245 1093; x_wconf 89' lang='lat'><strong>‚</strong></span> <span class='ocrx_word' id='word_1_149' title='bbox 270 1050 309 1089; x_wconf 87' lang='lat'>&amp;</span> <span class='ocrx_word' id='word_1_150' title='bbox 326 1048 535 1088; x_wconf 82' lang='lat' dir='ltr'>Francisca</span> <span class='ocrx_word' id='word_1_151' title='bbox 553 1050 870 1100; x_wconf 85' lang='lat' dir='ltr'>alloquebantur</span> <span class='ocrx_word' id='word_1_152' title='bbox 890 1049 1118 1089; x_wconf 88' lang='lat' dir='ltr'>Parochum</span> <span class='ocrx_word' id='word_1_153' title='bbox 1135 1075 1148 1096; x_wconf 89' lang='lat'>,</span> <span class='ocrx_word' id='word_1_154' title='bbox 1177 1048 1342 1089; x_wconf 88' lang='lat' dir='ltr'>confuse</span> <span class='ocrx_word' id='word_1_155' title='bbox 1358 1060 1430 1086; x_wconf 91' lang='lat' dir='ltr'>au-</span> 
     </span>
     <span class='ocr_line' id='line_1_17' title="bbox 91 1101 1429 1151; baseline -0.002 -11"><span class='ocrx_word' id='word_1_156' title='bbox 91 1101 204 1140; x_wconf 83' lang='lat' dir='ltr'>divit</span> <span class='ocrx_word' id='word_1_157' title='bbox 218 1102 340 1141; x_wconf 81' lang='lat' dir='ltr'>ver-ba</span> <span class='ocrx_word' id='word_1_158' title='bbox 369 1117 398 1139; x_wconf 89' lang='lat'>=</span> <span class='ocrx_word' id='word_1_159' title='bbox 429 1102 632 1151; x_wconf 77' lang='lat' dir='ltr'>Testimonii</span> <span class='ocrx_word' id='word_1_160' title='bbox 645 1103 826 1150; x_wconf 75' lang='lat' dir='ltr'><em>infaciem</em></span> <span class='ocrx_word' id='word_1_161' title='bbox 840 1102 1004 1151; x_wconf 79' lang='lat' dir='ltr'>Eccleste</span> <span class='ocrx_word' id='word_1_162' title='bbox 1019 1118 1045 1139; x_wconf 92' lang='lat'><strong><em>=</em></strong></span> <span class='ocrx_word' id='word_1_163' title='bbox 1061 1127 1073 1147; x_wconf 91' lang='lat'><strong>‚</strong></span> <span class='ocrx_word' id='word_1_164' title='bbox 1091 1104 1128 1143; x_wconf 71' lang='lat'>8&lt;</span> <span class='ocrx_word' id='word_1_165' title='bbox 1147 1101 1429 1150; x_wconf 84' lang='lat' dir='ltr'>interrogante</span> 
     </span>
     <span class='ocr_line' id='line_1_18' title="bbox 91 1153 1431 1203; baseline -0.002 -12"><span class='ocrx_word' id='word_1_166' title='bbox 91 1153 179 1203; x_wconf 84' lang='lat' dir='ltr'>ipso</span> <span class='ocrx_word' id='word_1_167' title='bbox 207 1166 236 1188; x_wconf 91' lang='lat'><strong><em>=</em></strong></span> <span class='ocrx_word' id='word_1_168' title='bbox 265 1154 342 1202; x_wconf 86' lang='lat' dir='ltr'>cosa</span> <span class='ocrx_word' id='word_1_169' title='bbox 357 1158 377 1192; x_wconf 78' lang='grc' dir='ltr'><em>ὲ</em></span> <span class='ocrx_word' id='word_1_170' title='bbox 393 1179 406 1199; x_wconf 88' lang='grc'><em>,</em></span> <span class='ocrx_word' id='word_1_171' title='bbox 432 1154 508 1202; x_wconf 85' lang='lat' dir='ltr'>cosa</span> <span class='ocrx_word' id='word_1_172' title='bbox 525 1159 543 1192; x_wconf 77' lang='grc' dir='ltr'><em>ὲ</em></span> <span class='ocrx_word' id='word_1_173' title='bbox 555 1154 576 1191; x_wconf 68' lang='lat'>1³</span> <span class='ocrx_word' id='word_1_174' title='bbox 605 1170 633 1194; x_wconf 73' lang='grc' dir='ltr'>,τ</span> <span class='ocrx_word' id='word_1_175' title='bbox 656 1154 780 1195; x_wconf 78' lang='lat' dir='ltr'>Pater</span> <span class='ocrx_word' id='word_1_176' title='bbox 798 1155 915 1195; x_wconf 88' lang='lat' dir='ltr'>Stufa</span> <span class='ocrx_word' id='word_1_177' title='bbox 929 1155 1137 1203; x_wconf 86' lang='lat' dir='ltr'>respondit</span> <span class='ocrx_word' id='word_1_178' title='bbox 1152 1170 1179 1193; x_wconf 71' lang='grc' dir='ltr'>,τ</span> <span class='ocrx_word' id='word_1_179' title='bbox 1197 1155 1254 1193; x_wconf 86' lang='lat' dir='ltr'>Eh</span> <span class='ocrx_word' id='word_1_180' title='bbox 1271 1155 1312 1191; x_wconf 85' lang='lat' dir='ltr'>ho</span> <span class='ocrx_word' id='word_1_181' title='bbox 1330 1155 1431 1201; x_wconf 79' lang='lat' dir='ltr'>capi·</span> 
     </span>
     <span class='ocr_line' id='line_1_19' title="bbox 93 1204 1429 1257; baseline 0 -13"><span class='ocrx_word' id='word_1_182' title='bbox 93 1215 132 1244; x_wconf 80' lang='lat' dir='ltr'>to</span> <span class='ocrx_word' id='word_1_183' title='bbox 144 1230 157 1250; x_wconf 89' lang='lat'>,</span> <span class='ocrx_word' id='word_1_184' title='bbox 172 1207 215 1246; x_wconf 71' lang='lat' dir='ltr'>ho.</span> <span class='ocrx_word' id='word_1_185' title='bbox 230 1210 347 1256; x_wconf 82' lang='lat' dir='ltr'>capito</span> <span class='ocrx_word' id='word_1_186' title='bbox 362 1218 416 1244; x_wconf 77' lang='lat'>:2</span> <span class='ocrx_word' id='word_1_187' title='bbox 446 1205 552 1257; x_wconf 91' lang='lat' dir='ltr'>quod</span> <span class='ocrx_word' id='word_1_188' title='bbox 569 1210 650 1255; x_wconf 87' lang='lat' dir='ltr'>post</span> <span class='ocrx_word' id='word_1_189' title='bbox 671 1207 883 1247; x_wconf 81' lang='lat' dir='ltr'>discessum</span> <span class='ocrx_word' id='word_1_190' title='bbox 897 1208 1067 1247; x_wconf 87' lang='lat' dir='ltr'>Parochi</span> <span class='ocrx_word' id='word_1_191' title='bbox 1085 1232 1098 1251; x_wconf 83' lang='lat'>,</span> <span class='ocrx_word' id='word_1_192' title='bbox 1115 1206 1323 1246; x_wconf 85' lang='lat' dir='ltr'>Francisca</span> <span class='ocrx_word' id='word_1_193' title='bbox 1340 1204 1429 1254; x_wconf 80' lang='lat' dir='ltr'>ipfis</span> 
     </span>
     <span class='ocr_line' id='line_1_20' title="bbox 91 1258 1428 1310; baseline -0.002 -13"><span class='ocrx_word' id='word_1_194' title='bbox 91 1258 281 1298; x_wconf 84' lang='lat' dir='ltr'>narravit</span> <span class='ocrx_word' id='word_1_195' title='bbox 307 1259 527 1310; x_wconf 89' lang='lat' dir='ltr'>sequutum</span> <span class='ocrx_word' id='word_1_196' title='bbox 552 1258 898 1306; x_wconf 86' lang='lat' dir='ltr'>Matrimonium,</span> <span class='ocrx_word' id='word_1_197' title='bbox 929 1261 966 1300; x_wconf 76' lang='lat' dir='ltr'>Sc</span> <span class='ocrx_word' id='word_1_198' title='bbox 992 1262 1113 1300; x_wconf 83' lang='lat' dir='ltr'>ver-ha</span> <span class='ocrx_word' id='word_1_199' title='bbox 1143 1261 1191 1298; x_wconf 89' lang='lat' dir='ltr'>ab</span> <span class='ocrx_word' id='word_1_200' title='bbox 1222 1267 1428 1308; x_wconf 56' lang='lat' dir='ltr'>utroque)</span> 
     </span>
     <span class='ocr_line' id='line_1_21' title="bbox 89 1309 1430 1362; baseline -0.009 -5"><span class='ocrx_word' id='word_1_201' title='bbox 89 1309 280 1360; x_wconf 71' lang='lat' dir='ltr'>conjuge</span> <span class='ocrx_word' id='word_1_202' title='bbox 296 1312 456 1360; x_wconf 74' lang='lat' dir='ltr'>prolata</span> <span class='ocrx_word' id='word_1_203' title='bbox 471 1337 483 1356; x_wconf 84' lang='lat'>‚</span> <span class='ocrx_word' id='word_1_204' title='bbox 512 1324 598 1362; x_wconf 85' lang='lat' dir='ltr'>quae</span> <span class='ocrx_word' id='word_1_205' title='bbox 616 1314 780 1362; x_wconf 67' lang='lat' dir='ltr'>praecise</span> <span class='ocrx_word' id='word_1_206' title='bbox 798 1313 1059 1353; x_wconf 86' lang='lat' dir='ltr'>recensentur</span> <span class='ocrx_word' id='word_1_207' title='bbox 1092 1313 1132 1351; x_wconf 90' lang='lat' dir='ltr'>in</span> <span class='ocrx_word' id='word_1_208' title='bbox 1150 1311 1257 1351; x_wconf 57' lang='lat' dir='ltr'>dieta</span> <span class='ocrx_word' id='word_1_209' title='bbox 1273 1309 1430 1357; x_wconf 73' lang='lat' dir='ltr'>Episto-</span> 
     </span>
     <span class='ocr_line' id='line_1_22' title="bbox 88 1361 1423 1412; baseline -0.003 -11"><span class='ocrx_word' id='word_1_210' title='bbox 88 1362 132 1401; x_wconf 88' lang='lat' dir='ltr'>la</span> <span class='ocrx_word' id='word_1_211' title='bbox 146 1388 160 1409; x_wconf 92' lang='lat'><strong>,</strong></span> <span class='ocrx_word' id='word_1_212' title='bbox 182 1374 278 1403; x_wconf 90' lang='lat' dir='ltr'>cum</span> <span class='ocrx_word' id='word_1_213' title='bbox 294 1363 545 1412; x_wconf 72' lang='lat' dir='ltr'>responsione</span> <span class='ocrx_word' id='word_1_214' title='bbox 558 1364 690 1405; x_wconf 85' lang='lat' dir='ltr'>Patris</span> <span class='ocrx_word' id='word_1_215' title='bbox 708 1364 824 1404; x_wconf 83' lang='lat' dir='ltr'>Stufa</span> <span class='ocrx_word' id='word_1_216' title='bbox 840 1381 868 1401; x_wconf 90' lang='lat'>=</span> <span class='ocrx_word' id='word_1_217' title='bbox 897 1377 952 1402; x_wconf 84' lang='lat' dir='ltr'>me</span> <span class='ocrx_word' id='word_1_218' title='bbox 967 1364 1062 1402; x_wconf 84' lang='lat' dir='ltr'>l&#39;hai</span> <span class='ocrx_word' id='word_1_219' title='bbox 1069 1365 1190 1411; x_wconf 84' lang='lat' dir='ltr'>satta,</span> <span class='ocrx_word' id='word_1_220' title='bbox 1196 1362 1258 1410; x_wconf 85' lang='lat' dir='ltr'>sei</span> <span class='ocrx_word' id='word_1_221' title='bbox 1273 1361 1423 1410; x_wconf 64' lang='lat' dir='ltr'>trista:</span> 
     </span>
     <span class='ocr_line' id='line_1_23' title="bbox 88 1414 1421 1466; baseline -0.003 -12"><span class='ocrx_word' id='word_1_222' title='bbox 88 1414 146 1454; x_wconf 78' lang='lat' dir='ltr'>E&#39;c</span> <span class='ocrx_word' id='word_1_223' title='bbox 175 1415 284 1466; x_wconf 85' lang='lat' dir='ltr'>quod</span> <span class='ocrx_word' id='word_1_224' title='bbox 310 1415 479 1455; x_wconf 90' lang='lat' dir='ltr'>demum</span> <span class='ocrx_word' id='word_1_225' title='bbox 497 1442 510 1461; x_wconf 93' lang='lat'>,</span> <span class='ocrx_word' id='word_1_226' title='bbox 538 1419 621 1465; x_wconf 86' lang='lat' dir='ltr'>post</span> <span class='ocrx_word' id='word_1_227' title='bbox 646 1418 901 1458; x_wconf 80' lang='lat' dir='ltr'>Pastillarum</span> <span class='ocrx_word' id='word_1_228' title='bbox 930 1415 1274 1456; x_wconf 65' lang='lat' dir='ltr'>refeftiunculam</span> <span class='ocrx_word' id='word_1_229' title='bbox 1295 1440 1308 1458; x_wconf 88' lang='lat'>,</span> <span class='ocrx_word' id='word_1_230' title='bbox 1333 1424 1421 1451; x_wconf 83' lang='lat' dir='ltr'>am·</span> 
     </span>
     <span class='ocr_line' id='line_1_24' title="bbox 88 1465 1413 1567; baseline 0.003 -61"><span class='ocrx_word' id='word_1_231' title='bbox 88 1465 445 1567; x_wconf 52' lang='lat' dir='ltr'>boldiseelserunt,</span> <span class='ocrx_word' id='word_1_232' title='bbox 471 1469 509 1508; x_wconf 66' lang='grc' dir='ltr'>ὃς</span> <span class='ocrx_word' id='word_1_233' title='bbox 538 1470 664 1511; x_wconf 87' lang='lat' dir='ltr'>Pater</span> <span class='ocrx_word' id='word_1_234' title='bbox 680 1469 797 1510; x_wconf 83' lang='lat' dir='ltr'>Stufa</span> <span class='ocrx_word' id='word_1_235' title='bbox 827 1471 868 1509; x_wconf 87' lang='lat' dir='ltr'>in</span> <span class='ocrx_word' id='word_1_236' title='bbox 886 1469 1036 1509; x_wconf 86' lang='lat' dir='ltr'>itinere</span> <span class='ocrx_word' id='word_1_237' title='bbox 1068 1467 1171 1507; x_wconf 84' lang='lat' dir='ltr'>dixit</span> <span class='ocrx_word' id='word_1_238' title='bbox 1200 1482 1227 1504; x_wconf 91' lang='lat'>=</span> <span class='ocrx_word' id='word_1_239' title='bbox 1257 1467 1413 1514; x_wconf 67' lang='lat' dir='ltr'>e‘fatw,</span> 
     </span>
     <span class='ocr_line' id='line_1_25' title="bbox 94 1525 283 1562; baseline -0.005 -4"><span class='ocrx_word' id='word_1_240' title='bbox 94 1525 115 1558; x_wconf 72' lang='lat' dir='ltr'>e*</span> <span class='ocrx_word' id='word_1_241' title='bbox 163 1529 239 1562; x_wconf 71' lang='lat' dir='ltr'>atto</span> <span class='ocrx_word' id='word_1_242' title='bbox 254 1535 283 1562; x_wconf 77' lang='lat'>=</span> 
     </span>
    </p>

    <p class='ocr_par' dir='ltr' id='par_1_4' title="bbox 39 1571 1438 2029">
     <span class='ocr_line' id='line_1_26' title="bbox 39 1571 1426 1630; baseline -0.005 -15"><span class='ocrx_word' id='word_1_243' title='bbox 39 1572 96 1615; x_wconf 88' lang='lat' dir='ltr'>Et</span> <span class='ocrx_word' id='word_1_244' title='bbox 113 1571 237 1630; x_wconf 61' lang='lat' dir='ltr'>Pater</span> <span class='ocrx_word' id='word_1_245' title='bbox 250 1571 367 1611; x_wconf 80' lang='lat' dir='ltr'>stufa</span> <span class='ocrx_word' id='word_1_246' title='bbox 385 1572 424 1613; x_wconf 90' lang='lat' dir='ltr'>in</span> <span class='ocrx_word' id='word_1_247' title='bbox 440 1574 521 1614; x_wconf 84' lang='lat' dir='ltr'>alia</span> <span class='ocrx_word' id='word_1_248' title='bbox 538 1576 705 1626; x_wconf 85' lang='lat' dir='ltr'>epistola</span> <span class='ocrx_word' id='word_1_249' title='bbox 720 1600 733 1620; x_wconf 90' lang='lat'><strong>‚</strong></span> <span class='ocrx_word' id='word_1_250' title='bbox 765 1586 886 1626; x_wconf 86' lang='lat' dir='ltr'>quam</span> <span class='ocrx_word' id='word_1_251' title='bbox 918 1574 986 1614; x_wconf 92' lang='lat' dir='ltr'>die</span> <span class='ocrx_word' id='word_1_252' title='bbox 1005 1579 1065 1614; x_wconf 86' lang='lat'>18.</span> <span class='ocrx_word' id='word_1_253' title='bbox 1085 1573 1268 1620; x_wconf 77' lang='lat' dir='ltr'>eiusdem</span> <span class='ocrx_word' id='word_1_254' title='bbox 1280 1571 1426 1611; x_wconf 74' lang='lat' dir='ltr'>mensis</span> 
     </span>
     <span class='ocr_line' id='line_1_27' title="bbox 92 1623 1429 1677; baseline -0.003 -13"><span class='ocrx_word' id='word_1_255' title='bbox 92 1624 205 1676; x_wconf 83' lang='lat' dir='ltr'>Jumi</span> <span class='ocrx_word' id='word_1_256' title='bbox 228 1624 382 1674; x_wconf 88' lang='lat' dir='ltr'>scripfit</span> <span class='ocrx_word' id='word_1_257' title='bbox 412 1626 461 1665; x_wconf 89' lang='lat' dir='ltr'>ad</span> <span class='ocrx_word' id='word_1_258' title='bbox 478 1627 605 1666; x_wconf 82' lang='lat' dir='ltr'>alium</span> <span class='ocrx_word' id='word_1_259' title='bbox 622 1628 877 1677; x_wconf 83' lang='lat' dir='ltr'>Religiosum</span> <span class='ocrx_word' id='word_1_260' title='bbox 894 1627 954 1666; x_wconf 91' lang='lat' dir='ltr'>sui</span> <span class='ocrx_word' id='word_1_261' title='bbox 973 1626 1213 1666; x_wconf 86' lang='lat' dir='ltr'>Conventus</span> <span class='ocrx_word' id='word_1_262' title='bbox 1230 1651 1243 1670; x_wconf 93' lang='lat'>,</span> <span class='ocrx_word' id='word_1_263' title='bbox 1271 1623 1429 1664; x_wconf 81' lang='lat' dir='ltr'>fatetur</span> 
     </span>
     <span class='ocr_line' id='line_1_28' title="bbox 93 1676 1431 1726; baseline -0.002 -9"><span class='ocrx_word' id='word_1_264' title='bbox 93 1676 314 1720; x_wconf 85' lang='lat' dir='ltr'>scientiam</span> <span class='ocrx_word' id='word_1_265' title='bbox 328 1679 528 1719; x_wconf 64' lang='lat' dir='ltr'>trastatus</span> <span class='ocrx_word' id='word_1_266' title='bbox 542 1682 661 1726; x_wconf 84' lang='lat' dir='ltr'>hujus</span> <span class='ocrx_word' id='word_1_267' title='bbox 677 1679 942 1719; x_wconf 82' lang='lat' dir='ltr'>Matrimonii</span> <span class='ocrx_word' id='word_1_268' title='bbox 972 1677 1149 1718; x_wconf 81' lang='lat' dir='ltr'>habuisse</span> <span class='ocrx_word' id='word_1_269' title='bbox 1162 1689 1183 1716; x_wconf 89' lang='lat' dir='ltr'>a</span> <span class='ocrx_word' id='word_1_270' title='bbox 1202 1676 1431 1726; x_wconf 83' lang='lat' dir='ltr'>praeceden-</span> 
     </span>
     <span class='ocr_line' id='line_1_29' title="bbox 90 1729 1429 1781; baseline -0.003 -13"><span class='ocrx_word' id='word_1_271' title='bbox 90 1730 131 1772; x_wconf 83' lang='lat' dir='ltr'>ti</span> <span class='ocrx_word' id='word_1_272' title='bbox 148 1730 288 1769; x_wconf 82' lang='lat' dir='ltr'>mense</span> <span class='ocrx_word' id='word_1_273' title='bbox 307 1729 499 1772; x_wconf 60' lang='lat' dir='ltr'>ORObris</span> <span class='ocrx_word' id='word_1_274' title='bbox 515 1758 529 1777; x_wconf 89' lang='lat'>‚</span> <span class='ocrx_word' id='word_1_275' title='bbox 558 1734 728 1772; x_wconf 83' lang='lat' dir='ltr'>subdens</span> <span class='ocrx_word' id='word_1_276' title='bbox 756 1746 785 1766; x_wconf 85' lang='lat'><strong><em>=</em></strong></span> <span class='ocrx_word' id='word_1_277' title='bbox 813 1732 882 1769; x_wconf 84' lang='lat' dir='ltr'>Ma</span> <span class='ocrx_word' id='word_1_278' title='bbox 895 1732 1033 1781; x_wconf 82' lang='lat' dir='ltr'>quando</span> <span class='ocrx_word' id='word_1_279' title='bbox 1052 1732 1100 1778; x_wconf 85' lang='lat' dir='ltr'>su</span> <span class='ocrx_word' id='word_1_280' title='bbox 1125 1732 1245 1768; x_wconf 80' lang='lat' dir='ltr'>vicino</span> <span class='ocrx_word' id='word_1_281' title='bbox 1261 1730 1310 1766; x_wconf 80' lang='lat' dir='ltr'>ad</span> <span class='ocrx_word' id='word_1_282' title='bbox 1325 1729 1429 1774; x_wconf 62' lang='lat' dir='ltr'>effet«</span> 
     </span>
     <span class='ocr_line' id='line_1_30' title="bbox 93 1781 1432 1831; baseline -0.004 -11"><span class='ocrx_word' id='word_1_283' title='bbox 93 1783 212 1831; x_wconf 76' lang='lat' dir='ltr'>tuarfi</span> <span class='ocrx_word' id='word_1_284' title='bbox 226 1804 240 1824; x_wconf 65' lang='grc' dir='ltr'><strong>ς</strong></span> <span class='ocrx_word' id='word_1_285' title='bbox 269 1783 321 1821; x_wconf 63' lang='lat' dir='ltr'>mi</span> <span class='ocrx_word' id='word_1_286' title='bbox 329 1783 376 1828; x_wconf 70' lang='lat' dir='ltr'>fit</span> <span class='ocrx_word' id='word_1_287' title='bbox 392 1785 477 1823; x_wconf 82' lang='lat' dir='ltr'>dato</span> <span class='ocrx_word' id='word_1_288' title='bbox 494 1797 516 1821; x_wconf 88' lang='lat' dir='ltr'>a.</span> <span class='ocrx_word' id='word_1_289' title='bbox 529 1787 676 1823; x_wconf 72' lang='lat' dir='ltr'>credere</span> <span class='ocrx_word' id='word_1_290' title='bbox 690 1813 700 1823; x_wconf 91' lang='lat'>.</span> <span class='ocrx_word' id='word_1_291' title='bbox 734 1786 798 1822; x_wconf 86' lang='lat' dir='ltr'>che</span> <span class='ocrx_word' id='word_1_292' title='bbox 805 1785 872 1831; x_wconf 62' lang='lat' dir='ltr'>gisi</span> <span class='ocrx_word' id='word_1_293' title='bbox 881 1783 974 1830; x_wconf 48' lang='lat' dir='ltr'>soff?</span> <span class='ocrx_word' id='word_1_294' title='bbox 992 1783 1146 1830; x_wconf 84' lang='lat' dir='ltr'>eseguito</span> <span class='ocrx_word' id='word_1_295' title='bbox 1173 1781 1205 1817; x_wconf 74' lang='lat' dir='ltr'>il</span> <span class='ocrx_word' id='word_1_296' title='bbox 1231 1791 1406 1818; x_wconf 80' lang='lat' dir='ltr'>contratto</span> <span class='ocrx_word' id='word_1_297' title='bbox 1418 1791 1432 1815; x_wconf 74' lang='grc' dir='ltr'><em>τ</em></span> 
     </span>
     <span class='ocr_line' id='line_1_31' title="bbox 94 1831 1433 1882; baseline -0.004 -9"><span class='ocrx_word' id='word_1_298' title='bbox 94 1836 147 1873; x_wconf 81' lang='lat' dir='ltr'>ed</span> <span class='ocrx_word' id='word_1_299' title='bbox 163 1837 198 1871; x_wconf 83' lang='grc' dir='ltr'>ἱο</span> <span class='ocrx_word' id='word_1_300' title='bbox 215 1833 400 1874; x_wconf 74' lang='lat' dir='ltr'>tenendolo</span> <span class='ocrx_word' id='word_1_301' title='bbox 411 1843 478 1882; x_wconf 76' lang='lat' dir='ltr'>per:</span> <span class='ocrx_word' id='word_1_302' title='bbox 491 1845 587 1873; x_wconf 80' lang='lat' dir='ltr'>certo</span> <span class='ocrx_word' id='word_1_303' title='bbox 601 1860 614 1879; x_wconf 93' lang='lat'>‚</span> <span class='ocrx_word' id='word_1_304' title='bbox 643 1849 712 1872; x_wconf 81' lang='lat' dir='ltr'>non</span> <span class='ocrx_word' id='word_1_305' title='bbox 726 1837 804 1872; x_wconf 83' lang='lat' dir='ltr'>ebhi</span> <span class='ocrx_word' id='word_1_306' title='bbox 816 1839 1044 1882; x_wconf 54' lang='lat' dir='ltr'>ripugnanza</span> <span class='ocrx_word' id='word_1_307' title='bbox 1076 1835 1118 1870; x_wconf 71' lang='lat' dir='ltr'>di</span> <span class='ocrx_word' id='word_1_308' title='bbox 1129 1833 1264 1869; x_wconf 81' lang='lat' dir='ltr'>andare</span> <span class='ocrx_word' id='word_1_309' title='bbox 1278 1834 1319 1868; x_wconf 85' lang='lat' dir='ltr'>in</span> <span class='ocrx_word' id='word_1_310' title='bbox 1340 1831 1433 1878; x_wconf 83' lang='lat' dir='ltr'>Casa</span> 
     </span>
     <span class='ocr_line' id='line_1_32' title="bbox 95 1882 1438 1935; baseline -0.003 -11"><span class='ocrx_word' id='word_1_311' title='bbox 95 1885 163 1927; x_wconf 75' lang='lat' dir='ltr'>del.</span> <span class='ocrx_word' id='word_1_312' title='bbox 173 1887 312 1934; x_wconf 65' lang='lat' dir='ltr'>Signor.</span> <span class='ocrx_word' id='word_1_313' title='bbox 329 1886 479 1923; x_wconf 73' lang='lat' dir='ltr'>Caute:</span> <span class='ocrx_word' id='word_1_314' title='bbox 497 1897 507 1923; x_wconf 88' lang='lat'>:</span> <span class='ocrx_word' id='word_1_315' title='bbox 536 1893 658 1935; x_wconf 84' lang='lat' dir='ltr'>negat</span> <span class='ocrx_word' id='word_1_316' title='bbox 675 1896 817 1925; x_wconf 87' lang='lat' dir='ltr'>tamen</span> <span class='ocrx_word' id='word_1_317' title='bbox 834 1884 992 1935; x_wconf 85' lang='lat' dir='ltr'>aliquid</span> <span class='ocrx_word' id='word_1_318' title='bbox 1010 1882 1204 1923; x_wconf 75' lang='lat' dir='ltr'>audivisse</span> <span class='ocrx_word' id='word_1_319' title='bbox 1220 1883 1270 1921; x_wconf 92' lang='lat' dir='ltr'>de</span> <span class='ocrx_word' id='word_1_320' title='bbox 1284 1883 1438 1922; x_wconf 89' lang='lat' dir='ltr'>sermo-</span> 
     </span>
     <span class='ocr_line' id='line_1_33' title="bbox 96 1934 1433 1986; baseline -0.001 -11"><span class='ocrx_word' id='word_1_321' title='bbox 96 1936 216 1976; x_wconf 84' lang='lat' dir='ltr'>nibus</span> <span class='ocrx_word' id='word_1_322' title='bbox 232 1935 387 1978; x_wconf 77' lang='lat' dir='ltr'>habitis</span> <span class='ocrx_word' id='word_1_323' title='bbox 401 1936 469 1978; x_wconf 86' lang='lat' dir='ltr'>die</span> <span class='ocrx_word' id='word_1_324' title='bbox 483 1951 523 1986; x_wconf 62' lang='lat'>4,</span> <span class='ocrx_word' id='word_1_325' title='bbox 541 1937 748 1979; x_wconf 77' lang='lat' dir='ltr'>Februarii</span> <span class='ocrx_word' id='word_1_326' title='bbox 762 1938 870 1981; x_wconf 87' lang='lat' dir='ltr'>inter</span> <span class='ocrx_word' id='word_1_327' title='bbox 889 1937 1117 1978; x_wconf 86' lang='lat' dir='ltr'>Parochum</span> <span class='ocrx_word' id='word_1_328' title='bbox 1132 1962 1146 1982; x_wconf 90' lang='lat'><strong>,</strong></span> <span class='ocrx_word' id='word_1_329' title='bbox 1161 1934 1433 1980; x_wconf 81' lang='lat' dir='ltr'>Comitem,&amp;</span> 
     </span>
     <span class='ocr_line' id='line_1_34' title="bbox 97 1987 395 2029; baseline 0 -1"><span class='ocrx_word' id='word_1_330' title='bbox 97 1987 359 2029; x_wconf 73' lang='lat' dir='ltr'>Franciscam</span> <span class='ocrx_word' id='word_1_331' title='bbox 383 2017 395 2028; x_wconf 85' lang='lat'><strong>.</strong></span> 
     </span>
    </p>

    <p class='ocr_par' dir='ltr' id='par_1_5' title="bbox 48 2038 1436 2564">
     <span class='ocr_line' id='line_1_35' title="bbox 48 2038 1435 2094; baseline -0.004 -11"><span class='ocrx_word' id='word_1_332' title='bbox 48 2039 150 2083; x_wconf 83' lang='lat' dir='ltr'>Non</span> <span class='ocrx_word' id='word_1_333' title='bbox 168 2039 330 2081; x_wconf 87' lang='lat' dir='ltr'>diver-sa</span> <span class='ocrx_word' id='word_1_334' title='bbox 345 2039 427 2083; x_wconf 80' lang='lat' dir='ltr'>fuit</span> <span class='ocrx_word' id='word_1_335' title='bbox 443 2038 747 2093; x_wconf 85' lang='lat' dir='ltr'>Religiosorum</span> <span class='ocrx_word' id='word_1_336' title='bbox 771 2043 937 2094; x_wconf 85' lang='lat' dir='ltr'>loquela</span> <span class='ocrx_word' id='word_1_337' title='bbox 962 2042 1002 2081; x_wconf 89' lang='lat' dir='ltr'>in</span> <span class='ocrx_word' id='word_1_338' title='bbox 1020 2038 1186 2080; x_wconf 85' lang='lat' dir='ltr'>formali</span> <span class='ocrx_word' id='word_1_339' title='bbox 1215 2039 1404 2079; x_wconf 87' lang='lat' dir='ltr'>examine</span> <span class='ocrx_word' id='word_1_340' title='bbox 1420 2065 1435 2085; x_wconf 92' lang='lat'>,</span> 
     </span>
     <span class='ocr_line' id='line_1_36' title="bbox 96 2091 1436 2145; baseline -0.003 -11"><span class='ocrx_word' id='word_1_341' title='bbox 96 2091 202 2144; x_wconf 59' lang='lat' dir='ltr'>iussu</span> <span class='ocrx_word' id='word_1_342' title='bbox 234 2092 366 2133; x_wconf 80' lang='lat' dir='ltr'>Sacrae-</span> <span class='ocrx_word' id='word_1_343' title='bbox 378 2092 721 2145; x_wconf 85' lang='lat' dir='ltr'>Congregationis</span> <span class='ocrx_word' id='word_1_344' title='bbox 750 2096 916 2144; x_wconf 63' lang='lat' dir='ltr'>peraeto</span> <span class='ocrx_word' id='word_1_345' title='bbox 944 2106 1081 2134; x_wconf 87' lang='lat' dir='ltr'>coram</span> <span class='ocrx_word' id='word_1_346' title='bbox 1101 2092 1270 2134; x_wconf 83' lang='lat' dir='ltr'>vicario</span> <span class='ocrx_word' id='word_1_347' title='bbox 1294 2091 1384 2131; x_wconf 91' lang='lat' dir='ltr'>Gen</span> <span class='ocrx_word' id='word_1_348' title='bbox 1393 2103 1436 2130; x_wconf 55' lang='lat' dir='ltr'>ee</span> 
     </span>
     <span class='ocr_line' id='line_1_37' title="bbox 96 2143 1432 2195; baseline -0.004 -9"><span class='ocrx_word' id='word_1_349' title='bbox 96 2146 178 2186; x_wconf 77' lang='lat' dir='ltr'>tali</span> <span class='ocrx_word' id='word_1_350' title='bbox 202 2144 415 2186; x_wconf 84' lang='lat' dir='ltr'>Camerini</span> <span class='ocrx_word' id='word_1_351' title='bbox 442 2145 588 2195; x_wconf 76' lang='lat' dir='ltr'>Judice</span> <span class='ocrx_word' id='word_1_352' title='bbox 603 2145 877 2187; x_wconf 84' lang='lat' dir='ltr'>Remissoriali</span> <span class='ocrx_word' id='word_1_353' title='bbox 893 2176 905 2186; x_wconf 87' lang='lat'><strong>.</strong></span> <span class='ocrx_word' id='word_1_354' title='bbox 936 2146 1057 2185; x_wconf 76' lang='lat' dir='ltr'>Pater</span> <span class='ocrx_word' id='word_1_355' title='bbox 1071 2145 1216 2195; x_wconf 82' lang='lat' dir='ltr'>Joseph</span> <span class='ocrx_word' id='word_1_356' title='bbox 1240 2143 1308 2182; x_wconf 94' lang='lat' dir='ltr'>del</span> <span class='ocrx_word' id='word_1_357' title='bbox 1323 2143 1432 2182; x_wconf 89' lang='lat' dir='ltr'>Mas-</span> 
     </span>
     <span class='ocr_line' id='line_1_38' title="bbox 97 2195 1436 2248; baseline -0.004 -10"><span class='ocrx_word' id='word_1_358' title='bbox 97 2198 234 2238; x_wconf 85' lang='lat' dir='ltr'>saccio</span> <span class='ocrx_word' id='word_1_359' title='bbox 253 2198 410 2246; x_wconf 81' lang='lat' dir='ltr'>repetit</span> <span class='ocrx_word' id='word_1_360' title='bbox 444 2198 485 2237; x_wconf 90' lang='lat' dir='ltr'>iu</span> <span class='ocrx_word' id='word_1_361' title='bbox 501 2197 667 2239; x_wconf 83' lang='lat' dir='ltr'>formali</span> <span class='ocrx_word' id='word_1_362' title='bbox 684 2199 871 2239; x_wconf 87' lang='lat' dir='ltr'>examine</span> <span class='ocrx_word' id='word_1_363' title='bbox 899 2211 946 2238; x_wconf 87' lang='lat' dir='ltr'>ea</span> <span class='ocrx_word' id='word_1_364' title='bbox 960 2199 1098 2238; x_wconf 90' lang='lat' dir='ltr'>omnia</span> <span class='ocrx_word' id='word_1_365' title='bbox 1114 2224 1127 2243; x_wconf 93' lang='lat'>,</span> <span class='ocrx_word' id='word_1_366' title='bbox 1155 2209 1242 2248; x_wconf 86' lang='lat' dir='ltr'>quae</span> <span class='ocrx_word' id='word_1_367' title='bbox 1273 2196 1313 2234; x_wconf 89' lang='lat' dir='ltr'>in</span> <span class='ocrx_word' id='word_1_368' title='bbox 1341 2195 1436 2244; x_wconf 78' lang='lat' dir='ltr'>Epi-</span> 
     </span>
     <span class='ocr_line' id='line_1_39' title="bbox 96 2247 1435 2299; baseline -0.003 -8"><span class='ocrx_word' id='word_1_369' title='bbox 96 2251 199 2291; x_wconf 83' lang='lat' dir='ltr'>stola</span> <span class='ocrx_word' id='word_1_370' title='bbox 215 2250 430 2299; x_wconf 81' lang='lat' dir='ltr'>scripserat</span> <span class='ocrx_word' id='word_1_371' title='bbox 448 2250 499 2290; x_wconf 84' lang='lat' dir='ltr'>ad</span> <span class='ocrx_word' id='word_1_372' title='bbox 523 2250 738 2291; x_wconf 80' lang='lat' dir='ltr'>vicarium</span> <span class='ocrx_word' id='word_1_373' title='bbox 756 2252 1007 2292; x_wconf 87' lang='lat' dir='ltr'>Generalem</span> <span class='ocrx_word' id='word_1_374' title='bbox 1036 2249 1221 2290; x_wconf 86' lang='lat' dir='ltr'>Fabriani</span> <span class='ocrx_word' id='word_1_375' title='bbox 1237 2272 1251 2293; x_wconf 88' lang='lat'>,</span> <span class='ocrx_word' id='word_1_376' title='bbox 1281 2247 1435 2287; x_wconf 82' lang='lat' dir='ltr'>discre-</span> 
     </span>
     <span class='ocr_line' id='line_1_40' title="bbox 96 2301 1435 2356; baseline -0.005 -13"><span class='ocrx_word' id='word_1_377' title='bbox 96 2314 201 2354; x_wconf 84' lang='lat' dir='ltr'>pans</span> <span class='ocrx_word' id='word_1_378' title='bbox 218 2303 350 2342; x_wconf 87' lang='lat' dir='ltr'>solum</span> <span class='ocrx_word' id='word_1_379' title='bbox 375 2302 486 2342; x_wconf 83' lang='lat' dir='ltr'>cirea</span> <span class='ocrx_word' id='word_1_380' title='bbox 503 2304 625 2344; x_wconf 88' lang='lat' dir='ltr'>verba</span> <span class='ocrx_word' id='word_1_381' title='bbox 642 2330 656 2350; x_wconf 91' lang='lat'>,</span> <span class='ocrx_word' id='word_1_382' title='bbox 685 2317 770 2356; x_wconf 83' lang='lat' dir='ltr'>quae</span> <span class='ocrx_word' id='word_1_383' title='bbox 785 2302 917 2344; x_wconf 87' lang='lat' dir='ltr'>refert</span> <span class='ocrx_word' id='word_1_384' title='bbox 933 2301 1128 2343; x_wconf 84' lang='lat' dir='ltr'>audiviffe</span> <span class='ocrx_word' id='word_1_385' title='bbox 1155 2314 1178 2341; x_wconf 89' lang='lat' dir='ltr'>a</span> <span class='ocrx_word' id='word_1_386' title='bbox 1194 2301 1377 2340; x_wconf 87' lang='lat' dir='ltr'>Parocho</span> <span class='ocrx_word' id='word_1_387' title='bbox 1403 2314 1435 2336; x_wconf 77' lang='lat' dir='ltr'>r.-</span> 
     </span>
     <span class='ocr_line' id='line_1_41' title="bbox 101 2351 1434 2406; baseline 0 -11"><span class='ocrx_word' id='word_1_388' title='bbox 101 2356 309 2405; x_wconf 67' lang='lat' dir='ltr'>‘testimonii</span> <span class='ocrx_word' id='word_1_389' title='bbox 322 2355 510 2402; x_wconf 71' lang='lat' dir='ltr'>infaciem</span> <span class='ocrx_word' id='word_1_390' title='bbox 525 2355 705 2406; x_wconf 59' lang='lat' dir='ltr'>Ecdefiae,</span> <span class='ocrx_word' id='word_1_391' title='bbox 721 2370 740 2395; x_wconf 89' lang='lat' dir='ltr'><em>o</em></span> <span class='ocrx_word' id='word_1_392' title='bbox 751 2370 823 2395; x_wconf 86' lang='lat' dir='ltr'>una</span> <span class='ocrx_word' id='word_1_393' title='bbox 838 2357 916 2406; x_wconf 79' lang='lat' dir='ltr'>cofh</span> <span class='ocrx_word' id='word_1_394' title='bbox 929 2360 1002 2394; x_wconf 65' lang='lat' dir='ltr'>cos)</span> <span class='ocrx_word' id='word_1_395' title='bbox 1013 2384 1023 2395; x_wconf 77' lang='lat'><strong>.</strong></span> <span class='ocrx_word' id='word_1_396' title='bbox 1038 2386 1048 2396; x_wconf 90' lang='lat'><strong><em>.</em></strong></span> <span class='ocrx_word' id='word_1_397' title='bbox 1068 2384 1078 2395; x_wconf 90' lang='lat'>.</span> <span class='ocrx_word' id='word_1_398' title='bbox 1106 2357 1200 2395; x_wconf 85' lang='lat' dir='ltr'>Non</span> <span class='ocrx_word' id='word_1_399' title='bbox 1210 2354 1244 2403; x_wconf 80' lang='lat' dir='ltr'><em>fi</em></span> <span class='ocrx_word' id='word_1_400' title='bbox 1257 2351 1381 2402; x_wconf 75' lang='lat' dir='ltr'>accosti</span> <span class='ocrx_word' id='word_1_401' title='bbox 1392 2365 1434 2390; x_wconf 83' lang='lat'><strong>...·.</strong></span> 
     </span>
     <span class='ocr_line' id='line_1_42' title="bbox 101 2408 1429 2460; baseline -0.004 -13"><span class='ocrx_word' id='word_1_402' title='bbox 101 2408 316 2457; x_wconf 67' lang='lat' dir='ltr'>Sagtilegio</span> <span class='ocrx_word' id='word_1_403' title='bbox 332 2431 349 2453; x_wconf 78' lang='lat'>‚</span> <span class='ocrx_word' id='word_1_404' title='bbox 363 2409 472 2457; x_wconf 81' lang='lat' dir='ltr'>nonfi</span> <span class='ocrx_word' id='word_1_405' title='bbox 484 2410 610 2458; x_wconf 74' lang='lat' dir='ltr'>accosti</span> <span class='ocrx_word' id='word_1_406' title='bbox 624 2439 634 2449; x_wconf 89' lang='lat'><strong>.</strong></span> <span class='ocrx_word' id='word_1_407' title='bbox 650 2439 661 2449; x_wconf 90' lang='lat'><strong>.</strong></span> <span class='ocrx_word' id='word_1_408' title='bbox 679 2439 689 2449; x_wconf 90' lang='lat'><strong>.</strong></span> <span class='ocrx_word' id='word_1_409' title='bbox 717 2410 799 2458; x_wconf 71' lang='lat' dir='ltr'>cosa,</span> <span class='ocrx_word' id='word_1_410' title='bbox 811 2413 830 2447; x_wconf 70' lang='grc' dir='ltr'><em>ἑ</em></span> <span class='ocrx_word' id='word_1_411' title='bbox 854 2408 874 2446; x_wconf 69' lang='lat'>3&#39;</span> <span class='ocrx_word' id='word_1_412' title='bbox 902 2409 1012 2460; x_wconf 84' lang='lat' dir='ltr'>questi</span> <span class='ocrx_word' id='word_1_413' title='bbox 1029 2408 1189 2456; x_wconf 83' lang='lat' dir='ltr'>saranno</span> <span class='ocrx_word' id='word_1_414' title='bbox 1214 2408 1341 2444; x_wconf 79' lang='lat' dir='ltr'><em>venuti</em></span> <span class='ocrx_word' id='word_1_415' title='bbox 1361 2413 1429 2454; x_wconf 77' lang='lat' dir='ltr'>per</span> 
     </span>
     <span class='ocr_line' id='line_1_43' title="bbox 99 2457 1432 2512; baseline -0.005 -10"><span class='ocrx_word' id='word_1_416' title='bbox 99 2460 314 2509; x_wconf 58' lang='lat' dir='ltr'>{Testimonii</span> <span class='ocrx_word' id='word_1_417' title='bbox 327 2474 382 2501; x_wconf 77' lang='lat'>:5</span> <span class='ocrx_word' id='word_1_418' title='bbox 412 2462 451 2501; x_wconf 69' lang='grc' dir='ltr'>ὅ(</span> <span class='ocrx_word' id='word_1_419' title='bbox 467 2470 608 2502; x_wconf 69' lang='lat' dir='ltr'>narrat</span> <span class='ocrx_word' id='word_1_420' title='bbox 620 2487 634 2507; x_wconf 91' lang='lat'>,</span> <span class='ocrx_word' id='word_1_421' title='bbox 660 2461 767 2512; x_wconf 88' lang='lat' dir='ltr'>quod</span> <span class='ocrx_word' id='word_1_422' title='bbox 785 2461 988 2500; x_wconf 87' lang='lat' dir='ltr'>Parochus</span> <span class='ocrx_word' id='word_1_423' title='bbox 1008 2484 1021 2503; x_wconf 85' lang='lat'><strong><em>‚</em></strong></span> <span class='ocrx_word' id='word_1_424' title='bbox 1034 2460 1132 2499; x_wconf 89' lang='lat' dir='ltr'>dum</span> <span class='ocrx_word' id='word_1_425' title='bbox 1149 2460 1233 2497; x_wconf 84' lang='lat' dir='ltr'>haec</span> <span class='ocrx_word' id='word_1_426' title='bbox 1250 2457 1432 2507; x_wconf 84' lang='lat' dir='ltr'>protulit</span> 
     </span>
     <span class='ocr_line' id='line_1_44' title="bbox 100 2510 1429 2564; baseline -0.004 -12"><span class='ocrx_word' id='word_1_427' title='bbox 100 2513 227 2552; x_wconf 82' lang='lat' dir='ltr'>verba</span> <span class='ocrx_word' id='word_1_428' title='bbox 245 2538 261 2559; x_wconf 84' lang='lat'>‚</span> <span class='ocrx_word' id='word_1_429' title='bbox 288 2511 453 2554; x_wconf 87' lang='lat' dir='ltr'>sedebat</span> <span class='ocrx_word' id='word_1_430' title='bbox 467 2525 594 2564; x_wconf 85' lang='lat' dir='ltr'>prope</span> <span class='ocrx_word' id='word_1_431' title='bbox 607 2513 852 2553; x_wconf 82' lang='lat' dir='ltr'>Caminum:</span> <span class='ocrx_word' id='word_1_432' title='bbox 881 2512 1071 2563; x_wconf 86' lang='lat' dir='ltr'>quodque</span> <span class='ocrx_word' id='word_1_433' title='bbox 1103 2522 1151 2551; x_wconf 82' lang='lat' dir='ltr'>ex</span> <span class='ocrx_word' id='word_1_434' title='bbox 1168 2510 1253 2549; x_wconf 86' lang='lat' dir='ltr'>alia·</span> <span class='ocrx_word' id='word_1_435' title='bbox 1278 2518 1429 2560; x_wconf 67' lang='lat' dir='ltr'>parte...</span> 
     </span>
    </p>

    <p class='ocr_par' dir='ltr' id='par_1_6' title="bbox 99 2559 1434 2870">
     <span class='ocr_line' id='line_1_45' title="bbox 101 2559 1434 2617; baseline -0.002 -15"><span class='ocrx_word' id='word_1_436' title='bbox 101 2561 299 2610; x_wconf 73' lang='lat' dir='ltr'>camini,</span> <span class='ocrx_word' id='word_1_437' title='bbox 329 2565 369 2605; x_wconf 83' lang='lat' dir='ltr'>in</span> <span class='ocrx_word' id='word_1_438' title='bbox 385 2563 571 2605; x_wconf 88' lang='lat' dir='ltr'>distantia</span> <span class='ocrx_word' id='word_1_439' title='bbox 589 2574 764 2617; x_wconf 87' lang='lat' dir='ltr'>quatuor</span> <span class='ocrx_word' id='word_1_440' title='bbox 781 2589 796 2610; x_wconf 91' lang='lat'>‚</span> <span class='ocrx_word' id='word_1_441' title='bbox 820 2565 887 2605; x_wconf 89' lang='lat' dir='ltr'>vel</span> <span class='ocrx_word' id='word_1_442' title='bbox 902 2563 1080 2614; x_wconf 85' lang='lat' dir='ltr'>quinque</span> <span class='ocrx_word' id='word_1_443' title='bbox 1095 2560 1273 2613; x_wconf 85' lang='lat' dir='ltr'>paffuum</span> <span class='ocrx_word' id='word_1_444' title='bbox 1306 2563 1328 2601; x_wconf 72' lang='lat' dir='ltr'>a</span> <span class='ocrx_word' id='word_1_445' title='bbox 1356 2559 1434 2600; x_wconf 90' lang='lat' dir='ltr'>Pa·</span> 
     </span>
     <span class='ocr_line' id='line_1_46' title="bbox 104 2611 1434 2658; baseline -0.002 -5"><span class='ocrx_word' id='word_1_446' title='bbox 104 2617 234 2656; x_wconf 79' lang='lat' dir='ltr'>rocho</span> <span class='ocrx_word' id='word_1_447' title='bbox 256 2615 422 2658; x_wconf 87' lang='lat' dir='ltr'>sedebat</span> <span class='ocrx_word' id='word_1_448' title='bbox 439 2618 567 2658; x_wconf 88' lang='lat' dir='ltr'>etiam</span> <span class='ocrx_word' id='word_1_449' title='bbox 582 2618 701 2658; x_wconf 88' lang='lat' dir='ltr'>Pater</span> <span class='ocrx_word' id='word_1_450' title='bbox 731 2616 847 2657; x_wconf 84' lang='lat' dir='ltr'>Stufa</span> <span class='ocrx_word' id='word_1_451' title='bbox 863 2629 878 2656; x_wconf 31' lang='lat'>:⁴</span> <span class='ocrx_word' id='word_1_452' title='bbox 901 2614 1057 2655; x_wconf 88' lang='lat' dir='ltr'>Comes</span> <span class='ocrx_word' id='word_1_453' title='bbox 1076 2616 1199 2655; x_wconf 84' lang='lat' dir='ltr'>stabat</span> <span class='ocrx_word' id='word_1_454' title='bbox 1224 2621 1322 2655; x_wconf 70' lang='lat' dir='ltr'>,ante</span> <span class='ocrx_word' id='word_1_455' title='bbox 1355 2611 1434 2651; x_wconf 59' lang='lat' dir='ltr'>Pa-·=</span> 
     </span>
     <span class='ocr_line' id='line_1_47' title="bbox 101 2664 1432 2724; baseline -0.002 -18"><span class='ocrx_word' id='word_1_456' title='bbox 101 2669 278 2724; x_wconf 59' lang='lat' dir='ltr'>rochum</span> <span class='ocrx_word' id='word_1_457' title='bbox 295 2693 311 2714; x_wconf 79' lang='lat'>,</span> <span class='ocrx_word' id='word_1_458' title='bbox 336 2670 377 2710; x_wconf 85' lang='lat'>&amp;</span> <span class='ocrx_word' id='word_1_459' title='bbox 410 2669 451 2710; x_wconf 90' lang='lat' dir='ltr'>in</span> <span class='ocrx_word' id='word_1_460' title='bbox 469 2671 630 2711; x_wconf 82' lang='lat' dir='ltr'>modica</span> <span class='ocrx_word' id='word_1_461' title='bbox 661 2670 850 2710; x_wconf 78' lang='lat' dir='ltr'>distantia</span> <span class='ocrx_word' id='word_1_462' title='bbox 877 2670 1000 2708; x_wconf 80' lang='lat' dir='ltr'>stabat</span> <span class='ocrx_word' id='word_1_463' title='bbox 1026 2669 1154 2708; x_wconf 87' lang='lat' dir='ltr'>etiam</span> <span class='ocrx_word' id='word_1_464' title='bbox 1182 2664 1391 2706; x_wconf 85' lang='lat' dir='ltr'>Francisca</span> <span class='ocrx_word' id='word_1_465' title='bbox 1417 2677 1432 2704; x_wconf 86' lang='lat'>:</span> 
     </span>
     <span class='ocr_line' id='line_1_48' title="bbox 101 2715 1430 2768; baseline -0.002 -11"><span class='ocrx_word' id='word_1_466' title='bbox 101 2719 190 2768; x_wconf 76' lang='lat' dir='ltr'>lpse</span> <span class='ocrx_word' id='word_1_467' title='bbox 204 2726 346 2760; x_wconf 87' lang='lat' dir='ltr'>autem</span> <span class='ocrx_word' id='word_1_468' title='bbox 361 2721 648 2763; x_wconf 84' lang='lat' dir='ltr'>deambulabat</span> <span class='ocrx_word' id='word_1_469' title='bbox 659 2723 708 2762; x_wconf 88' lang='lat' dir='ltr'>ab</span> <span class='ocrx_word' id='word_1_470' title='bbox 723 2722 809 2762; x_wconf 88' lang='lat' dir='ltr'>illis</span> <span class='ocrx_word' id='word_1_471' title='bbox 823 2720 969 2760; x_wconf 88' lang='lat' dir='ltr'>distans</span> <span class='ocrx_word' id='word_1_472' title='bbox 985 2721 1095 2768; x_wconf 65' lang='lat' dir='ltr'>osto,</span> <span class='ocrx_word' id='word_1_473' title='bbox 1119 2720 1187 2760; x_wconf 85' lang='lat' dir='ltr'>vel</span> <span class='ocrx_word' id='word_1_474' title='bbox 1206 2733 1266 2759; x_wconf 85' lang='lat'>10.</span> <span class='ocrx_word' id='word_1_475' title='bbox 1284 2715 1430 2768; x_wconf 83' lang='lat' dir='ltr'>passus,</span> 
     </span>
     <span class='ocr_line' id='line_1_49' title="bbox 99 2768 1433 2828; baseline -0.007 -12"><span class='ocrx_word' id='word_1_476' title='bbox 99 2770 142 2812; x_wconf 84' lang='lat'>&amp;</span> <span class='ocrx_word' id='word_1_477' title='bbox 160 2779 246 2813; x_wconf 85' lang='lat' dir='ltr'>tres</span> <span class='ocrx_word' id='word_1_478' title='bbox 259 2796 272 2816; x_wconf 70' lang='lat'>5</span> <span class='ocrx_word' id='word_1_479' title='bbox 304 2774 373 2812; x_wconf 83' lang='lat' dir='ltr'>vel</span> <span class='ocrx_word' id='word_1_480' title='bbox 389 2785 562 2826; x_wconf 78' lang='lat' dir='ltr'>quatuor</span> <span class='ocrx_word' id='word_1_481' title='bbox 577 2774 707 2828; x_wconf 84' lang='lat' dir='ltr'>passus</span> <span class='ocrx_word' id='word_1_482' title='bbox 719 2774 796 2817; x_wconf 77' lang='lat' dir='ltr'>aP.</span> <span class='ocrx_word' id='word_1_483' title='bbox 809 2772 926 2814; x_wconf 87' lang='lat' dir='ltr'>Stufa</span> <span class='ocrx_word' id='word_1_484' title='bbox 939 2803 950 2812; x_wconf 90' lang='lat'>.</span> <span class='ocrx_word' id='word_1_485' title='bbox 982 2772 1061 2818; x_wconf 83' lang='lat' dir='ltr'>Sed</span> <span class='ocrx_word' id='word_1_486' title='bbox 1075 2773 1302 2817; x_wconf 83' lang='lat' dir='ltr'>constanter</span> <span class='ocrx_word' id='word_1_487' title='bbox 1318 2768 1433 2808; x_wconf 71' lang='lat' dir='ltr'>affir-</span> 
     </span>
     <span class='ocr_line' id='line_1_50' title="bbox 159 2822 1431 2870; baseline 0.001 -6"><span class='ocrx_word' id='word_1_488' title='bbox 159 2824 407 2870; x_wconf 76' lang='lat' dir='ltr'><em>Tom.XXXI.</em></span> <span class='ocrx_word' id='word_1_489' title='bbox 847 2822 883 2867; x_wconf 88' lang='lat' dir='ltr'><strong>Z</strong></span> <span class='ocrx_word' id='word_1_490' title='bbox 941 2837 963 2865; x_wconf 60' lang='grc' dir='ltr'><strong>Ἀ</strong></span> <span class='ocrx_word' id='word_1_491' title='bbox 1327 2827 1431 2865; x_wconf 72' lang='lat' dir='ltr'>mat,</span> 
     </span>
    </p>
   </div>
  </div>
 </body>
</html>
