1934 2954
589 147 609 171 2

523 144 662 224 ssbmo
699 185 823 231 ejecit
865 185 1041 226 Viduam
1074 186 1187 226 illam
1208 211 1219 228 ,
1263 199 1348 235 quae
1378 187 1514 224 secum
1545 184 1646 224 tulit
1681 183 1866 233 genitam

454 252 457 254 ·
524 236 902 283 Puellam‚pandito
914 239 1081 278 confilio
1096 252 1186 280 eam
1203 236 1476 281 deferendiad
1492 237 1867 286 Brepbotrophium

524 289 671 331 Urbini
686 321 697 331 .
726 290 1043 342 Consonantque
1061 292 1292 337 hujusmodi
1314 289 1558 339 depositioni
1585 288 1635 329 de
1653 288 1797 329 auditu
1815 290 1864 331 ab

523 343 608 391 ipsa
625 343 846 384 Catharina
875 343 1012 384 Testes
1033 343 1212 385 Camilla
1229 343 1456 383 Casauchio
1470 369 1483 388 ‚
1514 343 1552 383 Sc
1577 340 1864 383 Bouaventura

524 395 750 437 Venturini
779 422 794 441 ‚
837 396 906 449 qui
932 396 1106 445 primam
1136 396 1332 437 notitiam
1371 395 1543 435 dederat
1575 392 1814 434 Recioribus
1845 419 1859 438 ,

526 449 678 499 quique
699 448 813 488 addit
829 475 844 494 ‚
874 461 962 488 rem
983 450 1188 489 notoriam
1205 448 1283 489 esse
1317 449 1355 488 in
1385 446 1592 487 Parochiis
1610 445 1769 488 Montis
1785 445 1864 486 Pa-

524 501 697 549 ganucci
714 526 727 546 ‚
758 502 797 541 St
814 501 863 540 de
879 500 1163 551 Bellaguardia
1180 528 1193 547 ‚
1224 501 1503 552 inprimisque
1537 507 1678 539 uotam
1696 498 1862 537 illarum

525 553 719 592 Parochis
737 582 747 593 .
1678 585 1694 593 -

473 605 572 650 Alia
591 604 738 645 itidem
756 605 906 646 relatio
930 607 1120 654 pervenit
1151 607 1201 646 ad
1217 606 1382 647 eosdem
1413 605 1605 646 Reftores
1623 627 1637 647 s
1668 603 1776 654 quod
1799 603 1861 641 al-

531 666 621 698 tera
649 656 797 698 Puella
818 658 1068 706 Euphemia‚
1099 669 1144 699 ut
1160 660 1276 709 supra
1308 658 1507 708 descripta
1525 657 1598 706 sub
1625 669 1718 695 num.
1737 660 1826 699 855-
1845 681 1862 701 ,

523 709 608 749 filia
623 720 711 750 erat
740 710 946 756 cujusdam
964 711 1156 751 Mulieris
1175 712 1353 761 innuptae
1382 712 1434 751 de
1451 710 1597 751 eodem
1612 708 1722 748 Loco
1737 708 1863 748 Mon-

525 763 581 802 tis
596 763 825 812 Paganucci
853 763 1065 803 Callieufis
1099 764 1329 809 Dioecefis,
1362 764 1502 814 genita
1532 762 1598 801 sub
1629 760 1859 804 parochia<-

527 814 768 864 Sanguineti
784 814 969 860 eiusdem
985 815 1183 856 Dioecesis
1203 816 1243 854 iu
1262 816 1399 856 Domo
1416 841 1428 860 ‚
1458 815 1523 855 ubi
1552 814 1708 853 Mulier
1723 812 1863 862 prcedi-

524 867 586 918 (ta
607 867 872 906 Famulatum
900 868 1106 915 praestabat
1124 893 1137 912 ‚
1168 869 1207 909 ὃ(
1235 868 1442 916 baptizata
1471 870 1508 907 in
1538 867 1716 906 Ecclefia
1743 865 1864 908 Paro-

523 919 651 958 chiali
680 918 839 957 Montis
868 917 1128 969 paganum,
1159 930 1333 970 accepto
1359 921 1526 961 nomine
1555 918 1697 959 Mariae
1726 918 1861 963 Elisa-

522 971 622 1009 beth
639 970 875 1020 Euphemiae
890 995 904 1016 ‚
932 979 1056 1023 atque
1074 985 1096 1011 a
1112 973 1253 1012 Matre
1272 972 1353 1021 ipsa
1369 973 1545 1020 expolita
1570 971 1638 1011 die
1671 985 1731 1013 22.
1747 970 1863 1013 Mar-

523 1022 574 1061 tii
593 1034 706 1070 1759·
724 1048 738 1068 ‚
767 1034 847 1062 non
865 1024 1046 1063 obstante
1063 1033 1266 1074 praecepto
1286 1025 1350 1064 illi
1366 1024 1474 1065 fad'to
1506 1036 1528 1064 a
1554 1023 1678 1064 Curia
1696 1023 1860 1073 Episco-

520 1074 604 1124 pali
619 1075 813 1114 Calliensi
829 1075 878 1115 de
895 1076 1172 1117 conservando
1187 1076 1290 1116 foetu
1304 1107 1316 1119 .
1343 1078 1520 1119 Delator
1549 1077 1666 1122 hujus
1697 1075 1857 1119 notitiae

520 1126 764 1167 Dominicus
780 1127 991 1169 Archillei
1021 1127 1072 1168 de
1088 1129 1371 1181 Bellaguardia
1389 1157 1401 1176 ‚
1432 1129 1688 1170 examinatus
1704 1127 1753 1170 ad.
1767 1140 1860 1178 per-

517 1188 689 1230 petuam
705 1180 903 1230 superiori
923 1193 1026 1220 anno
1042 1205 1055 1225 ,
1082 1181 1271 1232 deposuit
1284 1195 1333 1222 ea
1348 1183 1449 1223 scire
1465 1207 1477 1227 ‚
1508 1181 1570 1222 uti
1600 1180 1759 1230 publica
1776 1207 1791 1226 2
1820 1182 1858 1225 ὃς

521 1233 683 1273 notoria
700 1233 741 1272 iu
759 1232 868 1273 Loco
886 1257 899 1277 ‚
929 1246 973 1273 ac
991 1234 1123 1275 etiam·
1136 1234 1187 1274 de
1202 1235 1346 1276 auditu
1375 1249 1396 1275 a
1413 1235 1595 1275 Parocho
1623 1233 1860 1282 Bellaguar÷

519 1284 596 1324 diae
614 1311 627 1332 ‚
656 1285 878 1336 qui-&ipse
893 1285 1038 1327 eadem
1066 1298 1300 1329 narraverat
1330 1289 1371 1328 in
1385 1288 1561 1339 Epistola
1586 1285 1634 1326 ad
1662 1285 1856 1328 Rectores

517 1337 668 1387 scripta
687 1350 790 1379 anno
815 1352 927 1387 1759.
948 1363 961 1383 ‚
989 1338 1164 1380 reddens
1182 1342 1341 1381 causam
1355 1340 1539 1393 scientiae
1559 1338 1610 1378 de
1630 1339 1771 1381 auditu
1801 1350 1856 1381 ἐμ·

518 1389 694 1430 Persona
722 1390 800 1431 fide
816 1391 937 1441 digna
955 1421 966 1430 .
998 1392 1049 1433 Et
1067 1393 1229 1432 istorum
1248 1393 1518 1445 depositiones
1538 1392 1855 1446 corroborantur

519 1454 567 1482 ex
585 1441 708 1482 Libro
724 1442 955 1484 Parochiali
984 1444 1145 1484 Montis
1161 1444 1389 1495 Paganucci
1405 1471 1418 1491 ,
1446 1445 1485 1484 iu
1513 1457 1593 1495 quo
1613 1443 1855 1489 describitur

515 1494 723 1543 'Baptisma
740 1505 830 1537 turn
843 1496 960 1537 dieta:
974 1496 1170 1539 Mulieris
1198 1508 1300 1539 natae
1328 1511 1376 1539 ex
1387 1496 1643 1549 genitoribus
1671 1495 1853 1553 ejusdcm

517 1546 651 1592 Loci,
681 1558 776 1589 tum
796 1550 880 1594 ejus
897 1548 988 1590 filiae
1013 1550 1156 1592 Mariae
1175 1551 1380 1591 Elisabeth
1410 1549 1644 1599 Euphemiae
1677 1549 1854 1598 baptiza.-

516 1610 568 1639 τῖε
599 1600 668 1639 die
688 1606 749 1640 26.
766 1601 972 1641 Februarii
994 1615 1105 1649 1759·
1127 1629 1139 1648 ‚
1158 1605 1195 1644 Sc
1211 1616 1258 1642 ex
1274 1604 1352 1642 fide
1368 1604 1489 1647 huius
1509 1600 1703 1656 Baptismi
1718 1612 1741 1639 a
1757 1599 1852 1640 Ple-
1884 1624 1889 1627 >

516 1654 619 1696 bano
636 1653 873 1702 baptizante
901 1663 1063 1693 exarata
1079 1678 1092 1696 ‚
1120 1657 1158 1693 in
1177 1667 1253 1705 qua
1266 1655 1510 1694 enunciatur
1528 1661 1787 1701 praeceptum,
1804 1662 1849 1692 ut

515 1705 646 1752 supra,
664 1705 715 1745 de
732 1705 1008 1746 conservando
1024 1705 1121 1746 faetu
1137 1733 1150 1753 ‚
1168 1706 1302 1747 eidem
1321 1719 1343 1746 a
1356 1705 1482 1746 Curia
1498 1705 1727 1756 Episcopali
1753 1704 1851 1747 Cal-

516 1756 629 1797 lieufi
647 1756 847 1795 indictum
866 1786 876 1795 .
1651 1757 1654 1761 ’
1838 1760 1841 1761 ’

463 1808 710 1859 Episcopum
729 1809 872 1860 itaque
896 1807 1145 1849 Calliensem
1174 1811 1292 1855 hujus
1321 1810 1381 1849 rei
1409 1807 1633 1847 certiorem
1659 1809 1849 1854 fecerunt

514 1861 710 1901 nenores
728 1887 740 1907 ‚
767 1869 855 1902 tum
870 1872 977 1900 anno
1000 1875 1114 1909 1757.
1133 1887 1146 1906 ‚
1176 1871 1266 1902 tum
1285 1875 1388 1902 anno
1421 1873 1532 1907 1759.
1550 1885 1563 1903 ‚
1592 1868 1638 1899 ut
1666 1861 1850 1908 levaren-

515 1922 583 1954 tur
607 1914 792 1954 abonere
807 1913 948 1955 alendi
975 1915 1046 1953 has
1077 1914 1174 1953 duas
1199 1913 1364 1956 Puellas
1392 1913 1506 1953 illius
1541 1911 1740 1956 Dioecefis
1765 1926 1781 1954 3
1809 1913 1849 1954 ὃς

513 1977 610 2004 cum
631 1965 733 2005 nihil
753 1964 1007 2014 profecerint
1019 1964 1166 2006 officiis
1185 1991 1198 2012 ,
1225 1980 1273 2010 ea
1289 1964 1519 2017 praesertim
1529 1964 1692 2005 ratione
1707 1990 1720 2014 ‚
1738 1963 1849 2017 quod
1921 1997 1927 2007 .

511 2018 750 2059 Puellarum
776 2018 935 2058 Matres
963 2016 1221 2059 discesserant
1236 2022 1286 2059 ab
1302 2020 1373 2059 illa
1390 2017 1565 2063 Dioecefi
1582 2041 1596 2061 2
1624 2017 1709 2060 suas
1724 2017 1849 2060 detu-

511 2071 652 2111 lerunt
669 2071 856 2122 querelas
883 2071 931 2111 ad
944 2074 1046 2114 hanc
1062 2070 1226 2111 Sacram
1254 2069 1626 2122 Congregationem
1651 2071 1848 2120 postulan-

510 2131 574 2164 tes
591 2146 605 2167 2
637 2131 683 2163 ut
708 2132 926 2173 cogeretur
952 2123 1323 2174 Brephotrophium
1340 2150 1355 2170 ,
1393 2121 1502 2173 quod
1519 2121 1747 2177 Cauiiesty,
1773 2124 1846 2167 has

508 2174 676 2215 Puellas
694 2177 876 2225 recipere
895 2202 908 2223 ‚
921 2198 923 2200 -
937 2175 1186 2217 &alimenta
1207 2177 1289 2217 illis
1306 2175 1479 2227 praestita
1507 2171 1719 2219 restituere.
1746 2173 1849 2225 3104,

508 2227 760 2277 photrophio
787 2227 1044 2278 Urbinateusi
1060 2255 1072 2273 ‚
1095 2227 1343 2271 arbitrantes
1365 2254 1380 2274 ‚
1411 2226 1471 2267 ita
1497 2239 1570 2274 pro
1600 2227 1840 2286 pauperibus

507 2280 704 2330 cujusque
719 2279 1159 2324 Dioecesxs-constituta
1188 2279 1267 2323 effe
1298 2279 1530 2327 hujusmodi
1559 2279 1792 2336 Hospitaua
1822 2303 1839 2336 ρ

507 2341 556 2372 ut
571 2342 735 2374 exteros
752 2333 904 2381 ejicere
920 2334 1084 2379 valeant
1100 2359 1116 2380 ,
1142 2333 1406 2378 Dioecesanos
1423 2342 1580 2379 autem,
1594 2332 1722 2387 etiam
1735 2330 1835 2374 alibi

509 2385 726 2434 expositos,
737 2386 908 2429 omuino
923 2385 1106 2435 recipere
1121 2394 1342 2428 teneantur
1357 2415 1369 2430 .
1453 2411 1462 2423 ι
1490 2407 1494 2435 ε
1577 2427 1580 2431 ⁴

459 2436 583 2488 Qod
596 2437 850 2486 potiffimum
865 2438 953 2481 erui
966 2437 1226 2482 contendunt
1256 2452 1301 2480 ex
1320 2436 1525 2487 rescriptis
1553 2436 1670 2494 huius
1702 2432 1832 2492 Sacrae

509 2487 853 2540 Congregationis
869 2513 882 2536 s
897 2504 982 2542 quae
997 2491 1048 2533 ad
1064 2504 1206 2542 preces
1228 2493 1447 2536 Rer‘iorum
1464 2497 1692 2538 petentium
1709 2489 1748 2527 in
1768 2501 1836 2526 tm·-

504 2545 548 2588 gi
561 2542 870 2595 Λνερἑρψορο,
896 2543 1015 2593 atsub
1030 2546 1186 2595 rigorosts
1206 2545 1360 2596 censuris
1386 2543 1573 2595 prohibeat
1588 2565 1600 2585 ‚
1628 2553 1672 2580 ue
1699 2552 1722 2578 a
1771 2540 1834 2579 di-

450 2616 456 2622 *
508 2593 600 2630 &um
612 2595 806 2646 Hospitale
831 2597 1047 2644 defernntur
1061 2597 1128 2636 alii
1140 2598 1280 2644 Pueri,
1308 2600 1412 2648 quam
1427 2595 1472 2632 de
1491 2595 1667 2648 Cf'vitate,
1689 2594 1731 2635 ξφ
1746 2592 1834 2631 Ter-

508 2647 655 2687 ritorios
683 2648 751 2689 die
773 2662 834 2691 ιο.
851 2648 1094 2692 Decembris
1115 2654 1228 2692 1681.
1261 2647 1454 2699 mandavit
1465 2646 1609 2695 injungi
1625 2643 1833 2696 Archiepif·

498 2695 606 2746 s‘0P0
617 2720 632 2743 2
656 2707 698 2738 ut
710 2706 896 2748 opportune
903 2702 1099 2752 provideat
1109 2725 1123 2747 ‚
1153 2710 1198 2744 ut
1215 2702 1256 2745 in
1270 2701 1334 2739 lib.
1350 2711 1412 2746 ³2·
1430 2698 1617 2738 Decretor.
1629 2706 1710 2749 pag.
1730 2708 1829 2788 54²3

1787 2761 1800 2787 1
