1934 2954
43 145 46 148 ,
1377 117 1426 153 59

31 151 127 242 H
144 201 419 243 YERACEN.
450 201 926 245 DISPENSATIONIS
945 232 954 242 .

34 257 109 297 An
117 257 345 308 sttstandum
363 281 374 301 ,
404 255 466 294 vel
478 261 593 304 potius
610 260 846 295 recedendum
879 271 899 295 a
917 256 1038 305 decisis
1055 279 1067 299 ‚
1098 259 1195 294 itaut
1204 258 1254 306 fit
1268 273 1422 299 annuen-

137 311 223 411 dtym
239 308 424 405 gbfi’lmae
456 308 708 359 dffenfiztioni
733 311 877 352 Decanl
904 312 1041 349 Nanni
1068 322 1091 348 a
1119 310 1337 360 residentia,
1378 315 1421 351 im

136 374 178 402 ca
196 373 220 398 u
283 374 316 400 c.
990 381 993 385 ’
1299 385 1303 387 *

139 518 289 568 Quoad
311 517 610 568 Jubilationem
638 518 678 556 in
704 517 874 562 decisis,
906 519 945 558 Sc
976 517 1181 567 amplius‚·
1210 532 1288 569 quo
1321 531 1421 559 vero

196 570 245 607 ad
264 569 504 614 Indultum,
533 570 678 617 praevio
705 569 854 609 receffu
881 570 902 608 a
919 570 1088 614 decisis,
1118 581 1190 618 pro
1220 571 1421 621 dispensa·-

194 622 308 662 tione
325 623 374 661 ad
389 633 565 664 annum,
593 620 765 661 durante
797 621 1069 668 infirmitate,
1098 623 1137 662 Sc
1166 634 1289 663 onera
1318 636 1421 666 con·-

193 673 363 715 scientia
377 673 565 713 Oratoris
585 702 594 712 .

32 830 116 920 C
135 881 442 922 RACOVIEN.
473 880 983 921 CONFIRMATIONIS
1015 880 1260 923 UNIONIS
1280 913 1291 923 .

136 936 208 977 An
223 936 274 986 fit
293 934 385 973 locus
402 934 663 980 confirmationi
679 938 816 972 animis
833 959 846 978 ‚
875 938 914 972 in
928 935 1011 983 casu
1024 936 1098 978 &C-

138 1087 401 1131 Affirmative
417 1091 456 1129 in
471 1090 562 1128 casu
575 1116 587 1135 ,
602 1088 652 1128 de
668 1101 747 1138 quo
764 1089 901 1138 agitur
918 1114 931 1134 ‚
962 1092 1075 1135 juxta
1091 1098 1237 1130 votum
1255 1089 1411 1131 Nuncii

191 1142 418 1191 Apostolici
436 1168 450 1188 ,
465 1140 570 1182 fad‘to
587 1141 710 1182 verbo
726 1153 820 1181 cum
850 1141 1231 1188 SANCTISSIMQ
1246 1172 1258 1183 0

106 1349 417 1391 POLETANA
434 1350 875 1392 DISSOLUTIONIS
892 1351 1263 1392 MATRIMONII
1276 1380 1286 1390 .
1303 1350 1416 1401 Q¹.a“‘'

118 1410 215 1441 tuor
232 1403 300 1443 vix
318 1404 456 1453 elapfis
480 1403 682 1443 Menfibus
708 1406 790 1454 post
821 1404 1139 1443 Matrimonium
1164 1403 1232 1443 die
1268 1408 1328 1443 26.
1344 1402 1414 1451 Ju-

83 1453 134 1494 lii
167 1460 281 1502 1758.
312 1457 565 1495 celebratum
614 1456 723 1496 inter
763 1456 1032 1505 Augustinum
1076 1456 1314 1496 Sciamanna
1344 1455 1414 1493 In-

83 1508 387 1547 teramnensem
403 1533 415 1553 ,
432 1508 471 1547 Sc
488 1506 653 1546 Claram
670 1495 850 1547 Cesarini
871 1509 1134 1558 Spoletanam
1153 1533 1166 1552 ‚
1197 1509 1317 1553 hujus
1335 1519 1412 1545 no·-

81 1557 195 1597 mine
212 1560 597 1609 querelanullitatis
613 1562 663 1598 ob
675 1560 765 1599 Viri
793 1560 1085 1608 impotentiam
1114 1559 1255 1600 delata
1282 1560 1335 1599 est
1360 1557 1411 1597 ad

85 1611 190 1650 hanc
208 1610 369 1649 Sacram
384 1611 756 1662 Congregationem
770 1638 782 1657 ,
803 1625 888 1660 quae
909 1612 976 1652 die
996 1626 1032 1652 2.
1048 1612 1293 1656 ,Decembris
1308 1611 1414 1657 ejus-

89 1661 296 1702 demanni
321 1663 568 1703 audiendum
596 1664 756 1704 censuit
786 1664 1031 1714 Episcopum
1053 1665 1323 1712 spoletanum
1340 1692 1350 1701 .
1372 1662 1411 1700 Is

85 1719 232 1752 'autem
248 1713 316 1753 die
334 1729 367 1762 7.
388 1716 566 1765 Januarii
585 1726 700 1763 1759.
719 1716 866 1757 Virum
885 1716 1158 1766 interrogavit
1177 1741 1190 1760 ‚
1208 1716 1278 1766 qui
1293 1714 1410 1754 fassus

88 1766 145 1804 est
158 1777 238 1803 non
255 1767 499 1806 consumaffe
517 1767 835 1806 Matrimonium
850 1791 864 1810 ,
883 1769 921 1807 Sc.
934 1768 1104 1807 credere
1131 1769 1171 1806 se
1191 1767 1414 1805 inhabilem

91 1816 143 1855 ad
158 1816 263 1854 illud
277 1819 608 1863 consumandum,
625 1820 676 1857 ob
687 1819 875 1857 dolorem
893 1818 932 1855 in
950 1819 1033 1864 ipso
1049 1818 1195 1856 limine
1211 1817 1416 1856 maritalis

89 1865 319 1916 congressus
336 1882 382 1909 ex
399 1872 590 1910 contactu
609 1870 788 1918 partium
806 1869 1064 1916 productum,
1082 1882 1160 1918 quo
1179 1869 1332 1908 ereffio
1350 1880 1417 1906 re-

86 1919 308 1969 primitu'r5
328 1921 540 1962 Medicum
561 1935 739 1973 quoque,
757 1923 795 1962 &
813 1921 1058 1970 Chirurgum
1075 1921 1114 1958 in
1134 1920 1270 1959 Testes
1289 1919 1418 1958 addu-

91 1972 177 2011 &os
193 1971 355 2019 audivit
368 1998 381 2018 ,
400 1975 468 2023 qui
488 1973 737 2014 asserverant
773 1974 934 2012 nullum
966 1970 1159 2012 invenisse
1175 1980 1416 2010 externum

89 2024 351 2073 impotentiae·
364 2026 517 2075 signum
544 2026 583 2064 in
618 2027 779 2074 peraeta
806 2024 899 2065 Viri
930 2023 1213 2073 recognitione
1230 2048 1243 2068 ‚
1268 2031 1416 2071 praeter

89 2076 277 2116 dolorem
292 2076 339 2114 ab
352 2088 406 2115 eo
418 2077 698 2122 enunciatum,
715 2077 831 2122 cujus
847 2077 959 2115 causa
977 2076 1119 2115 datum
1136 2075 1227 2124 ipsis
1239 2088 1320 2114 non
1336 2074 1418 2113 fuit

88 2128 281 2178 glandem
296 2139 318 2166 a
334 2128 716 2175 circumjacentibus
737 2128 1031 2177 integumentis
1047 2127 1259 2177 detegere,
1272 2138 1418 2177 quam·

90 2180 233 2220 obrem
261 2181 366 2220 alter
384 2189 626 2228 perpetuum
639 2179 841 2226 judicavit
859 2180 1032 2219 coeundi
1052 2179 1416 2228 impedimentum,

90 2233 200 2272 alter
217 2234 589 2284 temporalesquare
605 2241 748 2273 votum
765 2232 835 2269 susi
847 2232 1006 2281 aperuit
1022 2231 1241 2280 Episcopus
1258 2243 1329 2279 pro
1348 2242 1418 2269 ex·-

91 2284 326 2333 perimento
342 2285 662 2324 cohabitationis
680 2283 891 2323 triennalis
909 2314 918 2323 .
935 2283 1115 2323 Re-miffae
1141 2296 1236 2332 ergo
1253 2281 1421 2321 fuerunt

93 2348 235 2386 preces
254 2337 303 2375 ad
321 2337 494 2377 eundem
514 2337 753 2386 Episcopum
772 2361 785 2380 ‚
815 2344 863 2374 ut
892 2336 1061 2375 Orati-ix
1092 2347 1228 2374 coram
1260 2346 1311 2372 eo
1326 2342 1421 2372 ute-

91 2397 206 2428 retur
220 2390 308 2434 jure
324 2389 393 2427 suo
413 2413 424 2433 ‚
443 2391 599 2428 servata
613 2387 744 2428 forma
754 2387 1071 2427 Constitutionis
1102 2387 1184 2427 san.
1203 2397 1329 2425 mern.
1348 2384 1422 2424 Be-

96 2440 386 2481 nedi‘ffi‘XIV.
417 2441 587 2489 Incepto
605 2449 744 2480 autem
770 2439 952 2486 judicio,
984 2441 1023 2479 Sc
1042 2440 1240 2486 deputato
1265 2436 1417 2493 Matri·

95 2492 224 2530 monii
248 2491 469 2533 Defensore
485 2520 497 2538 ‚
531 2492 748 2541 Episcopus
780 2491 848 2530 die
868 2504 932 2538 27.
948 2491 1058 2540 Junii
1087 2502 1200 2537 1759.
1231 2489 1419 2529 decrevit

98 2544 322 2583 terminum
338 2545 583 2584 triennalem
599 2543 921 2591 computandum
935 2555 956 2582 a
973 2543 1041 2582 die
1059 2551 1228 2581 tentatae
1247 2540 1415 2589 copulae,

93 2606 217 2644 *quam
234 2596 580 2643 Virjurejurando
593 2595 825 2637 declaravit
840 2592 1014 2635 tentasse
1029 2595 1111 2645 ipsa
1143 2594 1270 2643 prima
1300 2592 1421 2634 noete

97 2648 182 2697 post
205 2646 351 2686 initum
368 2649 614 2701 Coniugium
627 2678 638 2689 .
1074 2692 1077 2695 ,

153 2699 396 2754 Tom.XXXl5
869 2695 910 2739 H
955 2710 974 2738 α
1344 2694 1424 2735 Sed

1464 209 1565 258 Sesi.
1575 224 1636 261 24.
1664 224 1737 266 eatp.
1748 231 1762 256 1
1773 231 1807 258 2.

1465 265 1512 302 de
1524 264 1687 313 Reform.

1461 888 1714 941 Seſs.24.cap.
1725 905 1807 940 13·‚

1461 943 1506 985 ἐπ’
1525 954 1539 978 1
1549 943 1632 985 5.de
1645 945 1807 993 Reform.

1458 1357 1555 1406 Sess.
1575 1368 1636 1404 24.
1675 1363 1751 1404 cap.
1770 1370 1806 1397 ι.

1457 1412 1502 1450 de
1513 1410 1597 1459 Res.
1609 1408 1731 1447 Matr.
