1934 2954
84 185 255 235 Sesm.
283 195 405 238 cam.
438 146 548 273 NI
565 180 746 223 ONTis
774 181 912 223 ALTI
942 181 1311 223 REMOTioms
1340 181 1727 227 CAPPELLAN1‚
1758 173 1842 222 ET*

56 238 101 278 de
116 239 275 287 Reform.
567 236 662 287 JUR
674 234 779 275 [UM
810 236 1041 279 PAROCH
1053 235 1258 275 IALIUM
1276 267 1286 275 .
1299 234 1483 276 Michael
1501 235 1695 284 Aloyfius
1712 233 1830 273 Cam·-

493 289 643 340 parelli
662 288 837 334 Prion&
856 289 1060 328 Par-ochus
1077 290 1114 328 S.
1131 288 1285 338 Angeli
1305 287 1344 326 in
1360 287 1526 338 Cryptis
1543 315 1556 333 ‚
1587 290 1624 328 S<
1658 288 1695 326 S.
1715 286 1831 325 Petri

495 342 543 381 ad
562 342 682 391 Ripas
700 368 713 387 ‚
731 342 931 381 Dioecefis
951 341 1110 381 Montis
1128 341 1222 380 Alti
1241 341 1280 379 in
1296 341 1480 387 partibus
1497 341 1659 387 Apuliae
1677 365 1689 384 ‚
1707 341 1825 389 supe-

493 394 670 433 rioribus
685 394 801 433 annis
820 394 949 444 elegit
967 395 1230 434 Sacerdotem
1250 393 1517 433 Dominicum
1537 392 1723 432 Pauietti
1750 395 1827 429 itt-2

498 447 754 498 Cappellanum
772 449 950 486 Curatum
967 450 1157 485 adnutum
1171 447 1357 486 Eeclefiae
1386 445 1543 484 Filialis
1572 446 1610 484 S.
1625 444 1827 486 Felicita-

493 500 547 539 tis
562 527 574 546 ‚
605 512 691 551 quae
714 501 825 540 estin
841 500 956 541 Villa
971 502 1210 540 Rocchettae
1228 523 1241 543 ‚
1254 499 1476 538 constituto
1492 497 1556 537 illi
1572 498 1769 546 stipendio
1786 497 1830 535 in

494 553 640 592 annuis
669 552 833 592 ducatis
868 553 1104 603 quindecim
1120 580 1133 600 ‚
1163 561 1312 601 praeter
1341 552 1498 591 incerta
1525 549 1641 589 Curre
1673 551 1832 590 emolu-

494 614 637 645 menta
653 632 666 651 ‚
687 605 888 655 illumque
904 607 953 645 ad
969 606 1120 646 Curam
1135 605 1383 645 Animarum
1401 603 1621 653 Episcopus
1635 604 1831 657 approba-

493 659 559 698 vit
573 663 611 696 in
626 656 852 711 adjutorium
866 659 1023 698 Parochi
1042 686 1054 704 ‚
1069 672 1163 698 cum
1182 658 1370 697 omnibus
1389 682 1400 701 ‚
1421 658 1460 697 Sc
1477 655 1641 705 singulis
1657 655 1831 695 faculta-

495 711 605 751 tibus
619 737 631 757 ,
646 724 729 761 qua:
745 711 976 756 hujusmodi
999 711 1261 762 Cappellanis
1280 710 1451 750 concedi
1468 709 1602 748 solent
1616 733 1629 754 ‚
1657 708 1696 748 &
1708 718 1832 747 cum.»

493 763 681 804 omnibus
704 764 924 802 honoribus
942 788 955 807 ‚
979 765 1017 803 ἃ
1034 765 1223 804 oneribus
1237 763 1444 803 consuetis
1463 792 1473 801 .

445 814 490 856 In
509 815 702 855 Pastorali
723 824 862 853 tamen
892 816 1128 855 vifitatione
1155 817 1317 863 peram
1347 828 1450 854 anno
1471 819 1585 861 1758.
1615 814 1748 853 visum
1779 811 1833 851 est

491 867 694 917 Episcopo
713 889 725 909 ‚
746 866 816 915 qui
834 876 933 905 tunc
947 877 1114 916 praeerat
1132 868 1317 907 Ecclefiae
1349 868 1508 906 Montis
1521 867 1614 906 Aiti
1635 893 1646 913 ,
1679 863 1836 905 exerci-

489 921 598 958 tium
613 918 728 957 Curae
747 918 996 958 Animarum
1014 920 1135 960 latius
1150 945 1163 965 ,
1192 921 1313 971 quam
1340 931 1411 967 par
1429 919 1526 959 esset
1542 944 1555 964 ‚
1587 920 1633 958 ab
1656 919 1832 960 eodem-›

488 972 744 1021 Cappellano
764 972 972 1021 usurparis
1007 985 1131 1022 quare
1148 973 1320 1012 decreto
1333 974 1402 1012 suo
1416 973 1533 1021 plura
1549 972 1687 1011 vetuit
1703 997 1714 1017 ‚
1742 981 1837 1020 prat*

486 1024 686 1074 cepitque
705 1049 717 1069 ‚
739 1034 784 1063 ut
801 1026 890 1070 jura
905 1024 1079 1064 Parochi
1107 1033 1298 1065 tueretur
1313 1049 1326 1068 ‚
1362 1026 1400 1065 Sc
1431 1023 1673 1074 Cappenani
1703 1023 1837 1066 licen-

487 1078 592 1117 tiam
609 1078 891 1126 compesceret
905 1105 918 1116 .
935 1076 1135 1118 Praeterea
1151 1105 1164 1124 ‚
1184 1080 1277 1116 cum
1300 1077 1340 1116 in
1352 1076 1486 1126 primo
1517 1075 1707 1116 hodierni
1737 1075 1836 1125 Epi-

485 1130 597 1184 scopi
615 1129 796 1169 adventu
816 1130 856 1169 in
873 1129 1232 1176 Dioecefim‚idem
1253 1129 1528 1180 Cappellanus
1540 1129 1648 1168 haud
1674 1139 1836 1177 compa-

484 1181 628 1223 ruisset
645 1182 684 1221 in
704 1182 978 1226 termino-,sub
993 1195 1104 1234 paena
1119 1184 1383 1233 suspensionis
1418 1183 1465 1227 ab
1486 1180 1702 1222 audiendis
1724 1180 1835 1219 Con-

484 1235 944 1286 feffionibus‚praefinito
959 1236 1224 1276 Confeffariis
1238 1236 1290 1274 ad
1302 1235 1550 1275 subeundum
1567 1247 1719 1273 novum
1739 1245 1833 1273 exa·-

485 1301 578 1328 men
597 1312 609 1332 ‚
628 1287 816 1328 &fretus
834 1287 1072 1328 Munitorio
1088 1291 1204 1335 super
1225 1288 1542 1329 manutentione
1557 1299 1696 1326 coram
1714 1287 1766 1331 A.
1784 1285 1832 1326 C.

484 1340 677 1390 expedito
693 1363 706 1383 ‚
738 1340 947 1384 fidelium
976 1341 1262 1382 Confessiones
1282 1343 1468 1392 excipere
1499 1340 1548 1379 ad
1583 1341 1721 1388 plures
1743 1339 1831 1382 dies

475 1392 783 1437 continuasset,
813 1405 910 1433 eum
927 1393 1147 1444 Episcopus
1178 1395 1359 1435 removit
1386 1395 1433 1432 ab
1465 1393 1668 1433 exercitio
1687 1392 1831 1437 Curae,

483 1446 691 1495 deputato*
706 1458 812 1485 novo
827 1445 1084 1496 Cappellano
1101 1473 1114 1494 ‚
1132 1449 1170 1488 ὃς
1186 1459 1232 1487 ex
1249 1449 1373 1489 causis
1387 1446 1455 1485 fibi
1473 1446 1584 1487 notis
1597 1445 1830 1496 suspensum

485 1498 717 1539 declaravit
735 1510 756 1537 a
774 1498 940 1538 Divinis
960 1529 970 1542 .

437 1551 568 1593 Causa
581 1550 753 1607 tandem
771 1563 818 1590 ex
835 1552 1004 1591 decreto
1025 1552 1069 1593 R.
1088 1552 1131 1593 P.
1151 1554 1201 1593 D.
1216 1552 1437 1592 Auditoris
1456 1552 1682 1601 Signaturae
1710 1549 1829 1600 Justi-

486 1605 553 1645 tiae
569 1603 729 1643 remissa
741 1602 824 1642 fuit
850 1604 901 1643 ad
930 1607 1034 1647 hanc
1067 1606 1232 1645 Sacram
1249 1606 1625 1655 Congregationem
1642 1618 1657 1644 ,-
1689 1604 1728 1643 ὃς
1745 1603 1828 1651 post

484 1657 672 1697 auditum
689 1656 738 1695 de
755 1669 869 1695 more
898 1657 1143 1707 Episcopum
1162 1685 1174 1703 ‚
1205 1668 1379 1710 quatuor
1407 1669 1515 1697 nunc
1545 1663 1828 1706 proponuntur

487 1709 622 1748 Dubia
639 1734 651 1752 ‚
671 1708 710 1747 in
727 1721 899 1759 quorum
917 1710 1050 1759 primo
1074 1711 1123 1750 de
1142 1711 1392 1759 Cappellani
1422 1709 1734 1749 amovibilitate
1767 1706 1830 1745 di-

487 1763 696 1810 sceptatur
716 1790 724 1799 .
746 1760 790 1802 In
809 1762 990 1811 antiquis
1011 1765 1131 1810 porro
1147 1789 1160 1809 ,
1179 1765 1217 1803 Sc
1234 1763 1534 1803 recentioribus
1553 1762 1742 1811 Episcopi
1755 1759 1832 1798 Vi-
1866 1777 1869 1783 ·

487 1813 743 1852 fitationibus
761 1837 774 1855 ‚
793 1823 880 1862 qnae
897 1815 943 1851 ab
961 1813 1083 1853 initio
1101 1814 1319 1863 superioris
1343 1815 1489 1854 Saecuii
1519 1815 1690 1863 peradiae
1705 1814 1796 1856 sunt
1814 1838 1830 1858 ‚

490 1865 650 1905 Filialis
666 1866 912 1905 enunciatur
928 1865 1107 1906 Ecclesia
1138 1868 1175 1907 S.
1197 1867 1432 1907 Felicitatis
1464 1867 1591 1911 Villae
1623 1866 1831 1907 Rocchet-

489 1928 541 1957 tae
558 1943 571 1963 ‚
588 1918 627 1958 Sc
644 1916 761 1956 unita
777 1917 963 1956 Ecclesiae
983 1918 1219 1959 Parochiali
1240 1921 1310 1959 SS.
1329 1919 1481 1969 Angeli
1503 1946 1515 1965 ‚
1549 1921 1588 1960 &
1619 1920 1732 1961 Petri
1750 1919 1824 1958 in.‚

487 1970 656 2019 Cryptis
673 1995 685 2015 ‚
704 1970 771 2009 seu
789 1971 838 2009 ad
856 1970 976 2020 Ripas
991 1997 1002 2017 ‚
1018 1973 1208 2023 quodque
1225 1974 1346 2018 hujus
1363 1971 1569 2012 Parochus
1597 1972 1661 2011 illi
1691 1973 1829 2016 deser-

488 2024 576 2063 viat
593 2036 664 2073 per
681 2021 982 2072 Cappellauum
997 2024 1245 2065 residentem
1262 2026 1302 2064 in
1320 2024 1436 2064 Vilia
1458 2025 1703 2065 Rocchettae
1721 2048 1736 2068 ‚
1750 2023 1828 2062 suis

488 2077 713 2124 sumptibus
729 2076 1040 2115 conducendum
1055 2103 1067 2122 ‚
1098 2079 1136 2118 Se
1151 2079 1198 2116 ab
1217 2078 1443 2118 Ordinatio
1471 2077 1521 2116 ad
1552 2078 1703 2117 Curam
1727 2075 1827 2116 Ani-

489 2141 650 2183 marum
667 2129 1289 2182 approbandum,interieRaque
1318 2131 1426 2176 inter
1453 2142 1520 2170 eas
1548 2130 1733 2170 distantia
1759 2140 1826 2166 re-

490 2182 624 2220 sertus
634 2190 700 2230 per
716 2182 876 2220 milliare
890 2184 1001 2221 valde
1015 2185 1293 2228 incommodi‚&
1300 2182 1490 2234 periculosi
1503 2186 1646 2223 itineris
1663 2208 1675 2227 ,
1691 2182 1821 2230 hyemis

484 2231 682 2284 praesertim
694 2243 847 2282 tempore
862 2261 874 2279 ,
890 2237 931 2272 ob
946 2236 1173 2284 ascenfiffi&
1185 2237 1370 2285 desccnfiaes
1385 2260 1397 2279 ‚
1413 2239 1456 2280 &⁴
1470 2238 1656 2286 tranfitum
1681 2233 1821 2274 Flumi-

491 2290 548 2324 nis
566 2286 797 2323 Saliminoris
824 2291 1047 2336 nuncupati,-
1077 2297 1202 2338 atque
1219 2289 1259 2332 in
1288 2289 1525 2328 visitatione
1549 2288 1639 2327 anni
1675 2291 1785 2328 1613.
1805 2311 1819 2330 ‚

487 2340 539 2377 ob
553 2339 741 2377 locorum
758 2338 991 2377 distantiam
1006 2364 1019 2383 ‚
1049 2339 1240 2380 Vicarius
1257 2340 1474 2380 Generalis
1501 2337 1685 2390 Episcopi
1720 2338 1821 2380 Pon-

488 2401 578 2429 tem
598 2390 890 2440 Baptismalem
909 2390 1042 2430 erexit
1061 2392 1101 2430 in
1119 2394 1266 2432 eadem
1294 2393 1474 2433 Ecclefia
1501 2393 1650 2432 Sanetae
1669 2389 1820 2430 Felici-

488 2443 586 2482 tatis
604 2470 616 2489 ,
644 2444 694 2487 de
710 2443 902 2482 consensu
928 2453 1068 2487 tamen
1098 2444 1273 2485 Parochi
1306 2446 1371 2486 SS.
1401 2444 1580 2494 Augen,
1613 2443 1651 2481 ὃς
1668 2442 1816 2489 Petri,

490 2496 723 2540 declarando,
740 2498 1019 2536 Sacramentum
1035 2498 1214 2548 Baptismi
1227 2501 1356 2543 debere
1373 2497 1615 2546 administrari
1627 2504 1694 2544 per
1709 2497 1816 2534 Pric-

491 2559 565 2583 rem
580 2572 593 2590 ν
612 2552 656 2591 &⁸
671 2550 856 2587 Reflorem
873 2552 920 2589 S.
939 2552 1046 2589 Petri
1066 2574 1077 2594 ‚
1091 2560 1199 2600 penes
1210 2565 1314 2601 quem
1326 2553 1457 2589 dehent
1471 2548 1598 2586 Claves
1624 2557 1814 2597 permane-

487 2610 525 2637 re
543 2621 555 2640 ‚
565 2600 633 2645 seu
644 2610 748 2648 penes
763 2599 839 2653 ejus
856 2604 1109 2652 Cappellanum
1116 2613 1180 2653 pro
1195 2614 1349 2652 tempore
1363 2615 1373 2641 :
1397 2605 1441 2645 &²
1451 2603 1514 2637 hoc
1526 2600 1606 2647 fuit
1620 2601 1814 2649 coucefficm·

492 2648 726 2696 “J'I‘Prssdicffo
742 2654 795 2692 D.
814 2656 860 2690 V
854 2656 968 2692 icario
983 2680 996 2700 ‚
1017 2657 1095 2706 fine
1106 2654 1469 2709 praejudt'ciojttrium
1495 2652 1656 2702 Ecclestae
1683 2655 1723 2691 S,
1744 2655 1813 2693 Fe-

491 2703 544 2742 tri
557 2724 569 2744 9
577 2701 648 2751 sed
663 2711 804 2740 tantum
820 2707 860 2742 ob
878 2710 1163 2745 commodantem
1179 2710 1382 2751 Hominum
1397 2705 1499 2742 difiae
1514 2705 1643 2744 Villaej
1660 2704 1712 2743 Et
1728 2717 1816 2745 rur-

1751 2756 1814 2797 sus
