1934 2954
529 199 604 236 ¹70

522 242 710 289 punitam
724 241 840 285 fuisse
854 245 903 286 ad
920 243 1178 285 delationem
1196 240 1405 282 Oratricis
1421 241 1602 284 fastidit-r
1615 256 1756 285 amore
1770 244 1863 285 Bel·-

518 295 629 335 trani
650 306 659 334 :
678 297 765 335 dure
783 297 832 336 ad
852 298 1106 338 delationem
1127 295 1241 334 illius
1258 293 1496 334 Avunculi:
1523 298 1660 345 &ipsa
1695 298 1866 338 Monta-

518 349 570 390 lis
585 350 727 399 punita
743 351 928 390 declarat
950 375 964 396 ,
978 349 1209 390 delatorem
1221 345 1339 390 fuiffe
1365 348 1631 390 Avunculum
1645 377 1658 398 ‚
1687 352 1755 393 sed
1768 350 1868 391 mo?

524 403 658 442 nitum
678 405 725 442 ab
745 403 942 444 Oratrice
961 433 972 444 .

467 460 582 502 Ante
600 455 885 504 profeffionem
903 483 915 501 ,
931 457 1129 497 testantur
1145 454 1313 503 plurimi
1330 480 1342 500 ‚
1367 454 1559 494 edm‘tam
1591 455 1707 497 fuisse
1746 458 1858 498 Ora-

526 510 675 550 ti·icem
690 521 712 548 e
726 508 974 551 Mouasterio
989 509 1188 548 sociatam
1201 521 1221 547 a
1239 507 1644 556 Consanguineorum
1662 535 1676 555 ,
1695 511 1734 551 ὃς
1750 510 1859 550 alio-

526 575 616 603 rum
631 562 912 612 turbateosque
930 561 1013 600 duo
1029 561 1079 602 de
1098 561 1241 600 auditu
1260 559 1444 602 referunt
1463 558 1580 600 fuiffe
1595 571 1790 607 armatos,
1805 564 1857 602 ob

525 615 723 655 timorem
740 614 921 654 Beltrani
940 627 950 653 z
967 615 1147 654 &nonus
1165 615 1277 654 testis
1290 614 1481 661 Aloyfius
1499 613 1679 662 ignatius
1708 615 1758 654 de
1786 616 1860 655 Sa·-

523 670 712 708 lamanca
730 667 866 707 Scriba
885 692 898 711 ‚
917 667 1046 708 tertio
1060 667 1184 716 gradu
1200 667 1438 712 conjunetus
1456 666 1645 705 Oratrici
1662 693 1675 712 ‚
1689 666 1823 707 asserit
1842 692 1857 713 ‚

525 721 634 771 quod
650 720 838 760 Andreas
855 721 1027 760 Serrano
1045 720 1181 760 eidem
1196 719 1484 769 profeffionem
1501 718 1856 767 imperavit,mor-

526 783 614 812 tem
640 772 823 822 alioquin
857 774 1066 817 minatus,
1092 774 1206 811 nulla
1237 771 1488 822 creteroquin
1521 771 1694 812 adduc‘ia
1708 774 1855 812 causa-‚-

526 825 709 865 scientiae
724 838 738 863 ‚‘
769 823 837 862 sed
856 825 929 863 alii
949 825 1190 864 Oratricem
1205 834 1396 864 enarrant
1407 837 1501 864 cum
1519 823 1859 874 consanguineis,

526 886 573 916 ut
589 875 731 917 assolet
748 902 759 921 ‚
778 877 816 916 8<
833 889 927 915 cum
943 876 1185 926 primoribus
1203 877 1370 917 Civibus
1386 902 1398 920 ‚
1414 879 1550 917 hetam
1569 876 1763 919 inceffiffe
1782 890 1855 927 per

524 929 687 968 Villam
705 955 718 974 ‚
737 928 834 979 quin
851 929 1058 969 audierint
1075 928 1239 970 assertas
1257 930 1387 969 minas
1403 957 1413 976 ,
1430 931 1496 969 vel
1514 940 1762 980 praeceptum
1779 960 1791 970 .
1811 931 1861 970 In

527 982 618 1020 ae‘tu
636 980 892 1030 profeffionis
911 982 1101 1022 adstitisse
1125 982 1336 1022 Andream
1356 995 1479 1032 prope
1508 983 1656 1022 Sedem
1676 982 1828 1023 Prioris
1844 1009 1861 1029 ,

521 1034 561 1072 in
576 1035 692 1079 cujus
725 1034 909 1073 manibus
941 1033 1130 1084 profeffio
1155 1035 1426 1075 emittebatur
1441 1062 1453 1081 ,
1486 1045 1660 1086 quatuor
1688 1043 1856 1075 narrant

524 1085 662 1126 Testes
679 1100 694 1127 5
724 1086 791 1126 sed
821 1100 921 1127 unus
941 1087 1135 1128 enunciat
1152 1113 1165 1131 ‚
1195 1087 1313 1127 illurn
1344 1088 1585 1129 consuetum
1619 1086 1694 1129 esse
1717 1089 1861 1127 locum

522 1138 825 1178 Proximiorum
843 1171 853 1180 .
872 1139 975 1181 Tres
993 1141 1207 1181 recensent
1226 1141 1456 1192 deliquium
1483 1141 1532 1180 ab
1549 1141 1744 1180 Orat1·ice
1776 1141 1861 1189 pas-

521 1194 608 1231 sum
625 1194 706 1241 post
727 1193 903 1232 recitata
922 1192 1177 1243 profeffionis
1207 1196 1328 1234 verba
1344 1220 1356 1237 2
1390 1195 1442 1233 ob
1466 1193 1593 1232 animi
1623 1204 1856 1243 repugnan-

522 1245 649 1284 tiam:
665 1257 767 1285 unus
780 1255 901 1294 putat
916 1273 929 1291 ‚
946 1247 1185 1296 languorem
1201 1246 1423 1295 proceffiffe
1439 1273 1452 1292 ‚
1482 1246 1575 1297 quia
1592 1246 1659 1285 diu
1689 1247 1860 1285 steterat

522 1297 759 1347 genuflexa:
789 1300 829 1338 Sc
856 1300 1038 1351 quinque
1063 1297 1247 1339 referunt
1276 1300 1481 1339 subortam
1498 1299 1687 1338 adstantis
1704 1298 1855 1347 Populi

528 1350 932 1391 commiserationem
946 1378 959 1397 ,
986 1355 1037 1391 ob
1056 1351 1280 1392 violentias
1307 1354 1356 1392 ab
1373 1352 1572 1392 Oratrice
1593 1350 1719 1398 palsas
1732 1365 1748 1393 '¹
1784 1349 1856 1392 sed

528 1411 704 1451 quatuor
718 1402 929 1444 Moniales
946 1405 1143 1444 testantur
1160 1431 1172 1449 ‚
1190 1407 1274 1444 haec
1292 1406 1429 1445 omnia
1447 1403 1545 1444 falsa
1561 1403 1638 1444 esse
1654 1435 1664 1445 .

475 1455 564 1497 Post
583 1454 871 1504 profeffionem
887 1465 1046 1501 autem,
1060 1457 1173 1496 aiunt
1186 1468 1270 1498 tres
1288 1458 1427 1498 Testes
1445 1457 1496 1497 de
1508 1458 1713 1502 andum&
1728 1467 1860 1495 nonus

525 1508 607 1547 fine
622 1509 740 1548 causa
754 1508 936 1549 scientiae
955 1536 967 1555 ,
983 1509 1312 1550 Gubernatorem
1329 1510 1498 1550 Laicum
1528 1507 1746 1558 increpaffe
1762 1508 1865 1547 Mo-

520 1560 655 1600 niales
669 1586 683 1605 ‚
699 1560 793 1611 quia
809 1572 1053 1611 receperant
1070 1562 1313 1602 Oratricem
1333 1563 1506 1601 invitam
1520 1575 1536 1603 3
1560 1563 1629 1601 sed
1664 1561 1752 1600 aliae
1767 1569 1852 1600 tres

525 1612 733 1651 Moniales
749 1613 910 1653 easdem
925 1613 1108 1654 referunt
1124 1614 1426 1664 increpationes
1440 1613 1670 1662 receptioni
1690 1613 1860 1652 Oratri-

521 1665 584 1704 cis
601 1666 683 1712 post
693 1665 817 1704 fidem
833 1665 1096 1707 Matrimonii
1113 1667 1251 1707 datam
1265 1666 1462 1707 Beltrano
1477 1696 1486 1705 .
1518 1667 1716 1706 Vetitum
1740 1664 1860 1707 fuiffe

521 1717 717 1756 Beltrano
735 1717 952 1766 ingressum
967 1719 1007 1757 in
1024 1720 1245 1759 Ecclefiam
1257 1719 1615 1762 Monialinm‚tres
1631 1717 1858 1759 affirmanti

519 1769 561 1808 id
573 1780 652 1808 non
664 1768 798 1809 credit
812 1769 919 1808 alter
933 1769 1064 1810 Testis
1076 1800 1086 1809 .
1103 1771 1191 1810 Post
1207 1770 1417 1816 Avunculi
1434 1775 1630 1816 mortem(
1641 1771 1856 1820 sequutam

519 1821 587 1860 die
608 1826 668 1860 28.
685 1820 866 1872 januarii
890 1835 1005 1869 1723·
1021 1825 1036 1868 )
1052 1821 1294 1873 ingemuisse
1320 1823 1563 1863 Oratricem
1584 1831 1748 1861 narrant
1768 1831 1856 1862 tres

518 1874 658 1914 Testes
675 1900 688 1920 ‚
716 1874 768 1913 ob
785 1882 885 1914 tunc
912 1880 1123 1926 ‘repertam
1155 1878 1320 1917 suorum
1348 1880 1548 1916 bonorum
1577 1874 1857 1914 renunciatio-

519 1938 616 1966 nem
632 1928 679 1966 ab
694 1939 742 1966 eo
757 1935 963 1967 extortam
982 1954 995 1973 ‚
1010 1941 1089 1979 qua
1107 1929 1176 1978 ipsi
1188 1929 1496 1980 praeripiebatur
1524 1928 1671 1966 modus
1688 1938 1854 1976 promo-

520 1978 645 2019 vendi
662 1981 873 2030 querelam
898 1981 1107 2021 nullitatis
1125 1994 1135 2020 ε
1152 1983 1190 2022 &
1205 1991 1303 2024 tunc
1321 1984 1435 2027 ajunt
1463 1980 1855 2030 quinque,inceptos

525 2032 732 2071 clamores
744 2033 941 2073 violentae
956 2032 1208 2083 profeflionis
1223 2049 1237 2075 3
1264 2035 1330 2075 sed
1347 2045 1450 2074 unus
1466 2041 1587 2082 putat
1605 2056 1619 2075 ‚
1636 2042 1853 2071 maerorem

519 2084 727 2124 Oratricis
741 2094 883 2126 ortum
901 2098 948 2126 ex
976 2086 1187 2128 amiffione
1204 2089 1402 2130 bonorum
1420 2113 1433 2134 ,
1467 2097 1547 2125 non
1564 2093 1706 2126 autem
1723 2096 1770 2126 ex
1786 2095 1855 2124 re-

467 2169 469 2172 Α
514 2137 738 2186 pugnantia
751 2138 969 2189 religioni.

466 2187 650 2231 Deceffit
688 2191 856 2230 tandem
883 2193 1011 2232 etiam
1040 2192 1232 2234 Andreas
1275 2196 1451 2235 Serrano
1488 2191 1558 2232 die
1586 2205 1622 2231 2.
1657 2192 1849 2245 Septem-

520 2241 602 2281 bris
619 2254 732 2290 1725.
753 2269 765 2288 ‚
784 2244 822 2282 Ξ(
839 2243 1038 2290 Oratrix=‚
1060 2255 1107 2286 ut
1120 2247 1202 2286 duo
1231 2246 1370 2288 Testes
1384 2245 1568 2287 referunt
1594 2243 1648 2283 de
1675 2241 1817 2282 auditu
1833 2265 1850 2285 ,

518 2296 558 2336 Sc
571 2296 681 2335 alter
696 2294 830 2336 credit
845 2322 858 2341 ‚
872 2298 1043 2337 coeteris
1061 2299 1253 2349 praefidiis
1269 2301 1460 2340 destituta
1478 2323 1491 2342 ,
1522 2309 1642 2346 opem
1660 2294 1858 2352 implora·

519 2348 583 2388 vit
599 2349 649 2387 ab
666 2348 851 2398 improbo
864 2348 1042 2390 Notario
1059 2377 1074 2397 ‚
1089 2352 1157 2391 cui
1172 2377 1184 2396 ‚
1200 2353 1270 2392 sub
1281 2354 1347 2400 spe
1362 2351 1493 2392 oblati
1524 2357 1740 2397 patrocmu
1770 2358 1845 2385 1n-›

517 2400 730 2440 nullitatis
746 2401 905 2447 judicie
921 2428 936 2447 ‚
955 2402 1014 2442 sui
1028 2404 1191 2454 copiam
1208 2404 1311 2445 fecit
1328 2419 1345 2446 ‚-
1373 2403 1440 2445 sed
1450 2402 1522 2443 alii
1538 2410 1620 2441 tres
1636 2396 1850 2456 admiffum

516 2452 673 2492 crimen
692 2454 880 2494 tribuunt
893 2466 1018 2503 pravo
1031 2456 1241 2497 Oratricis
1256 2457 1421 2508 ingenio
1438 2456 1478 2495 in
1496 2453 1579 2502 ipso
1597 2460 1724 2490 etlam
1742 2462 1850 2491 anno

514 2506 766 2553 probationis
784 2507 1171 2556 pandito.Habitum
1182 2512 1235 2550 'ab
1250 2509 1448 2550 Oratrice
1461 2505 1748 2552 susceptum,&
1764 2515 1857 2551 Pro-⁶

515 2556 730 2597 feffionem
747 2558 929 2599 emiliam
947 2572 1090 2602 contra
1107 2563 1373 2603 voluntatem
1387 2587 1402 2604 2
1424 2557 1627 2599 affirmanti
1653 2558 1748 2596 0610
1764 2555 1852 2598 Te-

515 2609 594 2646 stes
608 2621 623 2646 ,-
652 2610 760 2657 quod
785 2613 894 2652 haud
915 2612 983 2652 fibi
1011 2624 1271 2664 compertum
1300 2610 1418 2654 fuiffe
1441 2609 1651 2657 deponunt
1678 2609 1753 2649 alii
1768 2609 1851 2649 sex,
1909 2630 1911 2632 ·

521 2659 693 2706 Semper
709 2673 800 2700 eam
815 2666 1002 2703 aversum
1015 2667 1198 2706 animum
1214 2680 1238 2706 a
1253 2664 1451 2714 religione
1468 2661 1646 2702 habuiffe
1663 2689 1677 2709 ‚
1695 2673 1850 2702 novem

521 2710 725 2770 asserunts
739 2714 918 2764 quinque
934 2727 1108 2767 negant,
1123 2719 1411 2766 subjungentes
1430 2721 1568 2752 natam
1593 2715 1850 2755 aversionem
1885 2714 1889 2722 ¹

519 2765 602 2816 post
617 2775 773 2805 crimen
790 2775 997 2815 patratum
1011 2781 1106 2811 cum
1119 2769 1296 2811 Notario
1310 2792 1326 2816 ‚
1353 2765 1463 2821 quod
1484 2766 1673 2812 accidiffe
1697 2767 1850 2820 viginti

1778 2832 1853 2867 ant·
