<?xml version="1.0" encoding="UTF-8"?>
<!DOCTYPE html PUBLIC "-//W3C//DTD XHTML 1.0 Transitional//EN"
    "http://www.w3.org/TR/xhtml1/DTD/xhtml1-transitional.dtd">
<html xmlns="http://www.w3.org/1999/xhtml" xml:lang="en" lang="en">
 <head>
  <title>
</title>
<meta http-equiv="Content-Type" content="text/html;charset=utf-8" />
  <meta name='ocr-system' content='tesseract 3.04.00' />
  <meta name='ocr-capabilities' content='ocr_page ocr_carea ocr_par ocr_line ocrx_word'/>
</head>
<body>
  <div class='ocr_page' id='page_1' title='image "./thesaurusresolut30cath_0340.png"; bbox 0 0 1934 2954; ppageno 0'>
   <div class='ocr_carea' id='block_1_1' title="bbox 38 185 385 235">
    <p class='ocr_par' dir='ltr' id='par_1_1' title="bbox 38 185 385 235">
     <span class='ocr_line' id='line_1_1' title="bbox 38 185 385 235; baseline 0 -11"><span class='ocrx_word' id='word_1_1' title='bbox 38 185 207 235; x_wconf 81' lang='lat' dir='ltr'>Sess.24.</span> <span class='ocrx_word' id='word_1_2' title='bbox 240 190 385 235; x_wconf 62' lang='grc' dir='ltr'>σᾶμα.</span> 
     </span>
    </p>
   </div>
   <div class='ocr_carea' id='block_1_2' title="bbox 39 237 266 286">
    <p class='ocr_par' dir='ltr' id='par_1_2' title="bbox 39 237 266 286">
     <span class='ocr_line' id='line_1_2' title="bbox 39 237 266 286; baseline 0.013 -12"><span class='ocrx_word' id='word_1_3' title='bbox 39 239 85 278; x_wconf 81' lang='lat' dir='ltr'>de</span> <span class='ocrx_word' id='word_1_4' title='bbox 103 237 266 286; x_wconf 77' lang='lat' dir='ltr'>Reform.</span> 
     </span>
    </p>
   </div>
   <div class='ocr_carea' id='block_1_3' title="bbox 476 139 1869 1231">
    <p class='ocr_par' dir='ltr' id='par_1_3' title="bbox 482 139 526 170">
     <span class='ocr_line' id='line_1_3' title="bbox 482 139 526 170; baseline -0.091 0"><span class='ocrx_word' id='word_1_5' title='bbox 482 139 497 170; x_wconf 84' lang='lat'><em>5</em></span> <span class='ocrx_word' id='word_1_6' title='bbox 509 140 526 166; x_wconf 87' lang='lat'>2</span> 
     </span>
    </p>

    <p class='ocr_par' dir='ltr' id='par_1_4' title="bbox 535 176 1834 222">
     <span class='ocr_line' id='line_1_4' title="bbox 535 176 1834 222; baseline 0.003 -4"><span class='ocrx_word' id='word_1_7' title='bbox 535 177 816 220; x_wconf 73' lang='lat' dir='ltr'><strong>YERACEN.</strong></span> <span class='ocrx_word' id='word_1_8' title='bbox 847 176 1332 219; x_wconf 75' lang='lat' dir='ltr'>DISPENSATIONIS</span> <span class='ocrx_word' id='word_1_9' title='bbox 1352 210 1363 220; x_wconf 89' lang='lat'><strong><em>.</em></strong></span> <span class='ocrx_word' id='word_1_10' title='bbox 1417 180 1566 221; x_wconf 85' lang='lat' dir='ltr'>Paulus</span> <span class='ocrx_word' id='word_1_11' title='bbox 1584 179 1725 222; x_wconf 83' lang='lat' dir='ltr'>Nanni</span> <span class='ocrx_word' id='word_1_12' title='bbox 1745 181 1834 222; x_wconf 86' lang='lat' dir='ltr'>De—</span> 
     </span>
    </p>

    <p class='ocr_par' dir='ltr' id='par_1_5' title="bbox 476 232 1869 1231">
     <span class='ocr_line' id='line_1_5' title="bbox 548 232 1836 283; baseline 0.002 -12"><span class='ocrx_word' id='word_1_13' title='bbox 548 245 672 273; x_wconf 85' lang='lat' dir='ltr'>canus</span> <span class='ocrx_word' id='word_1_14' title='bbox 691 233 880 273; x_wconf 85' lang='lat' dir='ltr'>Ecclcfiae</span> <span class='ocrx_word' id='word_1_15' title='bbox 897 232 1158 274; x_wconf 83' lang='lat' dir='ltr'>Cathedralis</span> <span class='ocrx_word' id='word_1_16' title='bbox 1174 233 1448 281; x_wconf 79' lang='lat' dir='ltr'>Hyeracenfis</span> <span class='ocrx_word' id='word_1_17' title='bbox 1465 261 1478 281; x_wconf 92' lang='lat'>,</span> <span class='ocrx_word' id='word_1_18' title='bbox 1504 236 1689 283; x_wconf 79' lang='lat' dir='ltr'>precibus</span> <span class='ocrx_word' id='word_1_19' title='bbox 1720 236 1836 274; x_wconf 88' lang='lat' dir='ltr'>obla-</span> 
     </span>
     <span class='ocr_line' id='line_1_6' title="bbox 479 285 1837 336; baseline 0.002 -11"><span class='ocrx_word' id='word_1_20' title='bbox 479 286 534 325; x_wconf 84' lang='lat' dir='ltr'>tis</span> <span class='ocrx_word' id='word_1_21' title='bbox 554 285 650 326; x_wconf 82' lang='lat' dir='ltr'>huic</span> <span class='ocrx_word' id='word_1_22' title='bbox 668 285 797 325; x_wconf 69' lang='lat' dir='ltr'>Sacree</span> <span class='ocrx_word' id='word_1_23' title='bbox 816 286 1141 336; x_wconf 84' lang='lat' dir='ltr'>Congregationi</span> <span class='ocrx_word' id='word_1_24' title='bbox 1157 311 1169 330; x_wconf 88' lang='lat'><em>‚</em></span> <span class='ocrx_word' id='word_1_25' title='bbox 1202 286 1419 329; x_wconf 81' lang='lat' dir='ltr'>postulavit</span> <span class='ocrx_word' id='word_1_26' title='bbox 1435 314 1449 333; x_wconf 87' lang='lat'>‚</span> <span class='ocrx_word' id='word_1_27' title='bbox 1481 297 1526 327; x_wconf 91' lang='lat' dir='ltr'>ut</span> <span class='ocrx_word' id='word_1_28' title='bbox 1541 287 1702 327; x_wconf 84' lang='lat' dir='ltr'>ratione</span> <span class='ocrx_word' id='word_1_29' title='bbox 1718 288 1837 328; x_wconf 80' lang='lat' dir='ltr'>scne-</span> 
     </span>
     <span class='ocr_line' id='line_1_7' title="bbox 482 338 1838 387; baseline 0.001 -9"><span class='ocrx_word' id='word_1_30' title='bbox 482 338 611 378; x_wconf 61' lang='lat' dir='ltr'>nutis</span> <span class='ocrx_word' id='word_1_31' title='bbox 627 363 642 382; x_wconf 86' lang='lat'>‚</span> <span class='ocrx_word' id='word_1_32' title='bbox 670 340 708 379; x_wconf 74' lang='lat' dir='ltr'>Sc</span> <span class='ocrx_word' id='word_1_33' title='bbox 725 341 843 378; x_wconf 74' lang='lat' dir='ltr'>malae</span> <span class='ocrx_word' id='word_1_34' title='bbox 862 338 1114 378; x_wconf 82' lang='lat' dir='ltr'>valetudinis</span> <span class='ocrx_word' id='word_1_35' title='bbox 1138 338 1439 387; x_wconf 82' lang='lat' dir='ltr'><strong>dispensaretur</strong></span> <span class='ocrx_word' id='word_1_36' title='bbox 1454 351 1477 377; x_wconf 84' lang='lat' dir='ltr'>a</span> <span class='ocrx_word' id='word_1_37' title='bbox 1497 340 1670 380; x_wconf 86' lang='lat' dir='ltr'>servitio</span> <span class='ocrx_word' id='word_1_38' title='bbox 1688 340 1838 386; x_wconf 81' lang='lat' dir='ltr'>Chori,</span> 
     </span>
     <span class='ocr_line' id='line_1_8' title="bbox 479 391 1834 443; baseline 0 -10"><span class='ocrx_word' id='word_1_39' title='bbox 479 393 519 433; x_wconf 53' lang='grc' dir='ltr'>ἃ</span> <span class='ocrx_word' id='word_1_40' title='bbox 535 392 724 432; x_wconf 62' lang='lat' dir='ltr'>Ecclesia:</span> <span class='ocrx_word' id='word_1_41' title='bbox 742 416 755 437; x_wconf 89' lang='lat'>,</span> <span class='ocrx_word' id='word_1_42' title='bbox 781 401 905 443; x_wconf 84' lang='lat' dir='ltr'>atque</span> <span class='ocrx_word' id='word_1_43' title='bbox 926 394 972 431; x_wconf 84' lang='lat' dir='ltr'>ab</span> <span class='ocrx_word' id='word_1_44' title='bbox 984 403 1109 431; x_wconf 88' lang='lat' dir='ltr'>onere</span> <span class='ocrx_word' id='word_1_45' title='bbox 1125 391 1352 431; x_wconf 77' lang='lat' dir='ltr'>refidentiae</span> <span class='ocrx_word' id='word_1_46' title='bbox 1369 421 1379 431; x_wconf 90' lang='lat'><strong>.</strong></span> <span class='ocrx_word' id='word_1_47' title='bbox 1410 392 1592 431; x_wconf 84' lang='lat' dir='ltr'>Auditus</span> <span class='ocrx_word' id='word_1_48' title='bbox 1615 394 1665 433; x_wconf 87' lang='lat' dir='ltr'>de</span> <span class='ocrx_word' id='word_1_49' title='bbox 1686 406 1834 433; x_wconf 52' lang='lat' dir='ltr'>more)</span> 
     </span>
     <span class='ocr_line' id='line_1_9' title="bbox 479 443 1834 495; baseline 0 -10"><span class='ocrx_word' id='word_1_50' title='bbox 479 444 730 494; x_wconf 76' lang='lat' dir='ltr'>Episcopus,</span> <span class='ocrx_word' id='word_1_51' title='bbox 765 445 944 491; x_wconf 85' lang='lat' dir='ltr'>retulit,</span> <span class='ocrx_word' id='word_1_52' title='bbox 972 444 1200 484; x_wconf 85' lang='lat' dir='ltr'>Oratorem</span> <span class='ocrx_word' id='word_1_53' title='bbox 1216 445 1255 483; x_wconf 89' lang='lat' dir='ltr'>in</span> <span class='ocrx_word' id='word_1_54' title='bbox 1275 443 1444 495; x_wconf 84' lang='lat' dir='ltr'>Oppido</span> <span class='ocrx_word' id='word_1_55' title='bbox 1478 443 1682 485; x_wconf 83' lang='lat' dir='ltr'>Roccellae</span> <span class='ocrx_word' id='word_1_56' title='bbox 1715 446 1834 485; x_wconf 84' lang='lat' dir='ltr'>illius</span> 
     </span>
     <span class='ocr_line' id='line_1_10' title="bbox 479 496 1836 550; baseline 0.002 -15"><span class='ocrx_word' id='word_1_57' title='bbox 479 497 678 537; x_wconf 82' lang='lat' dir='ltr'>Dioecesis</span> <span class='ocrx_word' id='word_1_58' title='bbox 710 507 852 538; x_wconf 84' lang='lat' dir='ltr'>natum</span> <span class='ocrx_word' id='word_1_59' title='bbox 871 497 939 538; x_wconf 88' lang='lat' dir='ltr'>die</span> <span class='ocrx_word' id='word_1_60' title='bbox 959 511 1021 536; x_wconf 90' lang='lat'>20.</span> <span class='ocrx_word' id='word_1_61' title='bbox 1040 497 1189 536; x_wconf 82' lang='lat' dir='ltr'>Martii</span> <span class='ocrx_word' id='word_1_62' title='bbox 1212 496 1327 544; x_wconf 85' lang='lat'><em>1687.</em></span> <span class='ocrx_word' id='word_1_63' title='bbox 1347 523 1361 543; x_wconf 85' lang='lat'>‚</span> <span class='ocrx_word' id='word_1_64' title='bbox 1379 508 1457 544; x_wconf 76' lang='lat' dir='ltr'>prae</span> <span class='ocrx_word' id='word_1_65' title='bbox 1474 499 1693 537; x_wconf 90' lang='lat' dir='ltr'>humorum</span> <span class='ocrx_word' id='word_1_66' title='bbox 1711 525 1724 544; x_wconf 92' lang='lat'>,</span> <span class='ocrx_word' id='word_1_67' title='bbox 1741 499 1836 550; x_wconf 87' lang='lat' dir='ltr'>qui-</span> 
     </span>
     <span class='ocr_line' id='line_1_11' title="bbox 480 550 1836 600; baseline 0.001 -13"><span class='ocrx_word' id='word_1_68' title='bbox 480 551 555 588; x_wconf 77' lang='lat' dir='ltr'>bus</span> <span class='ocrx_word' id='word_1_69' title='bbox 571 550 747 590; x_wconf 81' lang='lat' dir='ltr'>abundat</span> <span class='ocrx_word' id='word_1_70' title='bbox 764 575 777 596; x_wconf 78' lang='lat'>‚</span> <span class='ocrx_word' id='word_1_71' title='bbox 791 550 1017 591; x_wconf 81' lang='lat' dir='ltr'>acrimonia</span> <span class='ocrx_word' id='word_1_72' title='bbox 1036 576 1049 595; x_wconf 88' lang='lat'>,</span> <span class='ocrx_word' id='word_1_73' title='bbox 1082 551 1197 597; x_wconf 85' lang='lat' dir='ltr'>juxta</span> <span class='ocrx_word' id='word_1_74' title='bbox 1211 551 1337 589; x_wconf 88' lang='lat' dir='ltr'>trium</span> <span class='ocrx_word' id='word_1_75' title='bbox 1356 550 1704 600; x_wconf 55' lang='lat' dir='ltr'>Phyficorumffibi</span> <span class='ocrx_word' id='word_1_76' title='bbox 1719 551 1836 591; x_wconf 80' lang='lat' dir='ltr'>exhi·—</span> 
     </span>
     <span class='ocr_line' id='line_1_12' title="bbox 481 602 1834 653; baseline -0.001 -11"><span class='ocrx_word' id='word_1_77' title='bbox 481 602 615 642; x_wconf 86' lang='lat' dir='ltr'>bitum</span> <span class='ocrx_word' id='word_1_78' title='bbox 634 604 916 644; x_wconf 85' lang='lat' dir='ltr'>testimonium</span> <span class='ocrx_word' id='word_1_79' title='bbox 933 627 951 648; x_wconf 54' lang='lat' dir='ltr'>y</span> <span class='ocrx_word' id='word_1_80' title='bbox 980 603 1020 642; x_wconf 87' lang='lat' dir='ltr'>in</span> <span class='ocrx_word' id='word_1_81' title='bbox 1034 615 1201 652; x_wconf 85' lang='lat' dir='ltr'>gravem</span> <span class='ocrx_word' id='word_1_82' title='bbox 1223 602 1407 644; x_wconf 83' lang='lat' dir='ltr'>incidisse</span> <span class='ocrx_word' id='word_1_83' title='bbox 1424 602 1834 653; x_wconf 32' lang='lat' dir='ltr'>hypovchondriacam</span> 
     </span>
     <span class='ocr_line' id='line_1_13' title="bbox 480 653 1831 707; baseline 0.001 -14"><span class='ocrx_word' id='word_1_84' title='bbox 480 653 748 696; x_wconf 63' lang='lat' dir='ltr'>affectionem</span> <span class='ocrx_word' id='word_1_85' title='bbox 761 684 773 701; x_wconf 84' lang='lat'>‚</span> <span class='ocrx_word' id='word_1_86' title='bbox 808 659 847 697; x_wconf 65' lang='grc' dir='ltr'>ὃς</span> <span class='ocrx_word' id='word_1_87' title='bbox 864 669 942 696; x_wconf 89' lang='lat' dir='ltr'>uon</span> <span class='ocrx_word' id='word_1_88' title='bbox 958 655 1209 707; x_wconf 80' lang='lat' dir='ltr'>infrequenti</span> <span class='ocrx_word' id='word_1_89' title='bbox 1222 656 1386 696; x_wconf 83' lang='lat' dir='ltr'>vomitu</span> <span class='ocrx_word' id='word_1_90' title='bbox 1401 683 1414 702; x_wconf 85' lang='lat'>,</span> <span class='ocrx_word' id='word_1_91' title='bbox 1433 656 1725 704; x_wconf 44' lang='lat' dir='ltr'>acdtufficula„</span> <span class='ocrx_word' id='word_1_92' title='bbox 1754 668 1831 696; x_wconf 89' lang='lat' dir='ltr'>nec</span> 
     </span>
     <span class='ocr_line' id='line_1_14' title="bbox 483 709 1834 760; baseline 0 -13"><span class='ocrx_word' id='word_1_93' title='bbox 483 719 562 747; x_wconf 88' lang='lat' dir='ltr'>non</span> <span class='ocrx_word' id='word_1_94' title='bbox 580 709 765 748; x_wconf 83' lang='lat' dir='ltr'>mordaci</span> <span class='ocrx_word' id='word_1_95' title='bbox 779 711 952 760; x_wconf 85' lang='lat' dir='ltr'>herpetc</span> <span class='ocrx_word' id='word_1_96' title='bbox 971 709 1087 749; x_wconf 85' lang='lat' dir='ltr'>instar</span> <span class='ocrx_word' id='word_1_97' title='bbox 1104 711 1226 759; x_wconf 77' lang='lat' dir='ltr'>leprae</span> <span class='ocrx_word' id='word_1_98' title='bbox 1246 709 1285 748; x_wconf 89' lang='lat' dir='ltr'>in</span> <span class='ocrx_word' id='word_1_99' title='bbox 1299 710 1454 759; x_wconf 85' lang='lat' dir='ltr'>capite,</span> <span class='ocrx_word' id='word_1_100' title='bbox 1473 709 1665 754; x_wconf 87' lang='lat' dir='ltr'>brachiis,</span> <span class='ocrx_word' id='word_1_101' title='bbox 1683 709 1721 748; x_wconf 68' lang='lat'>8&lt;</span> <span class='ocrx_word' id='word_1_102' title='bbox 1740 720 1834 747; x_wconf 82' lang='lat' dir='ltr'>cru-</span> 
     </span>
     <span class='ocr_line' id='line_1_15' title="bbox 484 761 1869 816; baseline -0.001 -16"><span class='ocrx_word' id='word_1_103' title='bbox 484 762 592 801; x_wconf 81' lang='lat' dir='ltr'>ribus</span> <span class='ocrx_word' id='word_1_104' title='bbox 613 770 849 812; x_wconf 79' lang='lat' dir='ltr'>correptum</span> <span class='ocrx_word' id='word_1_105' title='bbox 871 789 884 808; x_wconf 91' lang='lat'>,</span> <span class='ocrx_word' id='word_1_106' title='bbox 917 761 1077 816; x_wconf 79' lang='lat' dir='ltr'>vigiliis</span> <span class='ocrx_word' id='word_1_107' title='bbox 1096 771 1257 813; x_wconf 85' lang='lat' dir='ltr'>quoque</span> <span class='ocrx_word' id='word_1_108' title='bbox 1273 787 1285 805; x_wconf 86' lang='lat'>‚</span> <span class='ocrx_word' id='word_1_109' title='bbox 1315 762 1522 813; x_wconf 86' lang='lat' dir='ltr'>vertigine</span> <span class='ocrx_word' id='word_1_110' title='bbox 1539 786 1552 806; x_wconf 88' lang='lat'>‚</span> <span class='ocrx_word' id='word_1_111' title='bbox 1582 763 1621 801; x_wconf 82' lang='lat'>&amp;</span> <span class='ocrx_word' id='word_1_112' title='bbox 1640 771 1840 801; x_wconf 72' lang='lat' dir='ltr'>artuum.»v</span> <span class='ocrx_word' id='word_1_113' title='bbox 1865 769 1869 771; x_wconf 78' lang='grc'><em>“</em></span> 
     </span>
     <span class='ocr_line' id='line_1_16' title="bbox 482 813 1833 865; baseline 0.001 -13"><span class='ocrx_word' id='word_1_114' title='bbox 482 813 776 855; x_wconf 75' lang='lat' dir='ltr'>debilitatione</span> <span class='ocrx_word' id='word_1_115' title='bbox 792 815 978 863; x_wconf 81' lang='lat' dir='ltr'>gravari:</span> <span class='ocrx_word' id='word_1_116' title='bbox 1010 814 1231 865; x_wconf 78' lang='lat' dir='ltr'>eidemque</span> <span class='ocrx_word' id='word_1_117' title='bbox 1249 813 1453 855; x_wconf 85' lang='lat' dir='ltr'>infensum</span> <span class='ocrx_word' id='word_1_118' title='bbox 1467 813 1546 854; x_wconf 81' lang='lat' dir='ltr'>effe</span> <span class='ocrx_word' id='word_1_119' title='bbox 1563 814 1742 864; x_wconf 87' lang='lat' dir='ltr'>rigidum</span> <span class='ocrx_word' id='word_1_120' title='bbox 1755 839 1769 859; x_wconf 89' lang='lat'>,</span> <span class='ocrx_word' id='word_1_121' title='bbox 1786 825 1833 854; x_wconf 81' lang='lat' dir='ltr'>ac</span> 
     </span>
     <span class='ocr_line' id='line_1_17' title="bbox 480 865 1837 917; baseline 0.001 -14"><span class='ocrx_word' id='word_1_122' title='bbox 480 866 630 904; x_wconf 74' lang='lat' dir='ltr'>salibus</span> <span class='ocrx_word' id='word_1_123' title='bbox 654 865 856 905; x_wconf 72' lang='lat' dir='ltr'>refertum</span> <span class='ocrx_word' id='word_1_124' title='bbox 873 878 1010 917; x_wconf 82' lang='lat' dir='ltr'>aerem</span> <span class='ocrx_word' id='word_1_125' title='bbox 1036 866 1223 916; x_wconf 59' lang='lat' dir='ltr'>HYe‘raci</span> <span class='ocrx_word' id='word_1_126' title='bbox 1243 884 1259 906; x_wconf 90' lang='grc'>.·</span> <span class='ocrx_word' id='word_1_127' title='bbox 1282 868 1333 906; x_wconf 82' lang='lat' dir='ltr'>Et</span> <span class='ocrx_word' id='word_1_128' title='bbox 1344 867 1587 917; x_wconf 81' lang='lat' dir='ltr'>Capitulum</span> <span class='ocrx_word' id='word_1_129' title='bbox 1610 870 1656 906; x_wconf 91' lang='lat' dir='ltr'>ab</span> <span class='ocrx_word' id='word_1_130' title='bbox 1671 867 1837 917; x_wconf 85' lang='lat' dir='ltr'>Episco-</span> 
     </span>
     <span class='ocr_line' id='line_1_18' title="bbox 482 918 1833 969; baseline 0.001 -14"><span class='ocrx_word' id='word_1_131' title='bbox 482 928 535 966; x_wconf 86' lang='lat' dir='ltr'>po</span> <span class='ocrx_word' id='word_1_132' title='bbox 552 918 869 967; x_wconf 75' lang='lat' dir='ltr'>interpellatum</span> <span class='ocrx_word' id='word_1_133' title='bbox 886 919 1089 964; x_wconf 78' lang='lat' dir='ltr'>testatur,-</span> <span class='ocrx_word' id='word_1_134' title='bbox 1107 920 1250 968; x_wconf 81' lang='lat' dir='ltr'>petitae</span> <span class='ocrx_word' id='word_1_135' title='bbox 1267 919 1578 969; x_wconf 84' lang='lat' dir='ltr'>dispensationis</span> <span class='ocrx_word' id='word_1_136' title='bbox 1596 920 1833 968; x_wconf 77' lang='lat' dir='ltr'>exemplum</span> 
     </span>
     <span class='ocr_line' id='line_1_19' title="bbox 479 968 1831 1021; baseline 0.002 -14"><span class='ocrx_word' id='word_1_137' title='bbox 479 968 625 1010; x_wconf 46' lang='lat' dir='ltr'>deesse*</span> <span class='ocrx_word' id='word_1_138' title='bbox 638 970 679 1009; x_wconf 89' lang='lat' dir='ltr'>in</span> <span class='ocrx_word' id='word_1_139' title='bbox 698 971 880 1011; x_wconf 73' lang='lat' dir='ltr'>Ecclefia</span> <span class='ocrx_word' id='word_1_140' title='bbox 912 973 1165 1021; x_wconf 82' lang='lat' dir='ltr'>Hyeracenfi</span> <span class='ocrx_word' id='word_1_141' title='bbox 1179 986 1193 1012; x_wconf 76' lang='lat'>2·</span> <span class='ocrx_word' id='word_1_142' title='bbox 1223 971 1289 1011; x_wconf 88' lang='lat' dir='ltr'>sed</span> <span class='ocrx_word' id='word_1_143' title='bbox 1303 971 1367 1010; x_wconf 87' lang='lat' dir='ltr'>illi</span> <span class='ocrx_word' id='word_1_144' title='bbox 1398 972 1669 1012; x_wconf 87' lang='lat' dir='ltr'>nihilominus</span> <span class='ocrx_word' id='word_1_145' title='bbox 1700 970 1831 1012; x_wconf 75' lang='lat' dir='ltr'>assen-</span> 
     </span>
     <span class='ocr_line' id='line_1_20' title="bbox 477 1021 1832 1074; baseline 0.001 -13"><span class='ocrx_word' id='word_1_146' title='bbox 477 1021 603 1068; x_wconf 63' lang='lat' dir='ltr'>viru-r,-</span> <span class='ocrx_word' id='word_1_147' title='bbox 620 1024 778 1063; x_wconf 87' lang='lat' dir='ltr'>ratione</span> <span class='ocrx_word' id='word_1_148' title='bbox 793 1025 954 1064; x_wconf 72' lang='lat' dir='ltr'>servitii</span> <span class='ocrx_word' id='word_1_149' title='bbox 970 1024 1131 1073; x_wconf 60' lang='lat' dir='ltr'>pr&#39;aestiti</span> <span class='ocrx_word' id='word_1_150' title='bbox 1154 1024 1203 1063; x_wconf 84' lang='lat' dir='ltr'>ab</span> <span class='ocrx_word' id='word_1_151' title='bbox 1229 1023 1409 1063; x_wconf 83' lang='lat' dir='ltr'>Oratore</span> <span class='ocrx_word' id='word_1_152' title='bbox 1425 1050 1438 1069; x_wconf 89' lang='lat'>‚</span> <span class='ocrx_word' id='word_1_153' title='bbox 1467 1025 1630 1074; x_wconf 79' lang='lat' dir='ltr'>ejusque</span> <span class='ocrx_word' id='word_1_154' title='bbox 1655 1024 1832 1064; x_wconf 67' lang='lat' dir='ltr'>advers-ae</span> 
     </span>
     <span class='ocr_line' id='line_1_21' title="bbox 476 1074 1831 1122; baseline 0.003 -11"><span class='ocrx_word' id='word_1_155' title='bbox 476 1074 753 1120; x_wconf 67' lang='lat' dir='ltr'>valetudinis,</span> <span class='ocrx_word' id='word_1_156' title='bbox 770 1076 997 1116; x_wconf 89' lang='lat' dir='ltr'>dummodo</span> <span class='ocrx_word' id='word_1_157' title='bbox 1015 1100 1028 1121; x_wconf 85' lang='lat'><strong>‚</strong></span> <span class='ocrx_word' id='word_1_158' title='bbox 1048 1076 1219 1116; x_wconf 83' lang='lat' dir='ltr'>servatis</span> <span class='ocrx_word' id='word_1_159' title='bbox 1236 1075 1422 1115; x_wconf 81' lang='lat' dir='ltr'>Ecclefiae</span> <span class='ocrx_word' id='word_1_160' title='bbox 1433 1077 1797 1116; x_wconf 88' lang='lat' dir='ltr'>consuetudinibus</span> <span class='ocrx_word' id='word_1_161' title='bbox 1814 1102 1831 1122; x_wconf 93' lang='lat'>,</span> 
     </span>
     <span class='ocr_line' id='line_1_22' title="bbox 480 1127 1832 1180; baseline 0.002 -15"><span class='ocrx_word' id='word_1_162' title='bbox 480 1127 547 1166; x_wconf 80' lang='lat' dir='ltr'>illi</span> <span class='ocrx_word' id='word_1_163' title='bbox 565 1139 644 1166; x_wconf 87' lang='lat' dir='ltr'>non</span> <span class='ocrx_word' id='word_1_164' title='bbox 661 1127 892 1168; x_wconf 84' lang='lat' dir='ltr'>tribuantur</span> <span class='ocrx_word' id='word_1_165' title='bbox 904 1129 944 1168; x_wconf 86' lang='lat' dir='ltr'>in</span> <span class='ocrx_word' id='word_1_166' title='bbox 961 1130 1143 1169; x_wconf 85' lang='lat' dir='ltr'>absentia</span> <span class='ocrx_word' id='word_1_167' title='bbox 1156 1127 1476 1175; x_wconf 79' lang='lat' dir='ltr'>distributiones,</span> <span class='ocrx_word' id='word_1_168' title='bbox 1491 1129 1654 1180; x_wconf 82' lang='lat' dir='ltr'>aliaque</span> <span class='ocrx_word' id='word_1_169' title='bbox 1673 1129 1832 1169; x_wconf 83' lang='lat' dir='ltr'>emolu·-</span> 
     </span>
     <span class='ocr_line' id='line_1_23' title="bbox 481 1181 1202 1231; baseline 0.004 -13"><span class='ocrx_word' id='word_1_170' title='bbox 481 1182 626 1219; x_wconf 81' lang='lat' dir='ltr'>menta</span> <span class='ocrx_word' id='word_1_171' title='bbox 642 1181 738 1221; x_wconf 84' lang='lat' dir='ltr'>solis</span> <span class='ocrx_word' id='word_1_172' title='bbox 756 1182 1020 1231; x_wconf 67' lang='lat' dir='ltr'>praesentibus</span> <span class='ocrx_word' id='word_1_173' title='bbox 1034 1182 1174 1222; x_wconf 86' lang='lat' dir='ltr'>debita</span> <span class='ocrx_word' id='word_1_174' title='bbox 1193 1211 1202 1221; x_wconf 90' lang='lat'><strong>.</strong></span> 
     </span>
    </p>
   </div>
   <div class='ocr_carea' id='block_1_4' title="bbox 432 1230 1831 1284">
    <p class='ocr_par' dir='ltr' id='par_1_6' title="bbox 432 1230 1831 1284">
     <span class='ocr_line' id='line_1_24' title="bbox 432 1230 1831 1284; baseline 0.003 -14"><span class='ocrx_word' id='word_1_175' title='bbox 432 1230 512 1271; x_wconf 76' lang='lat' dir='ltr'>Sed</span> <span class='ocrx_word' id='word_1_176' title='bbox 530 1233 750 1283; x_wconf 82' lang='lat' dir='ltr'>Episcopus</span> <span class='ocrx_word' id='word_1_177' title='bbox 764 1246 896 1284; x_wconf 86' lang='lat' dir='ltr'>neque</span> <span class='ocrx_word' id='word_1_178' title='bbox 915 1234 1158 1275; x_wconf 88' lang='lat' dir='ltr'>eorumdem</span> <span class='ocrx_word' id='word_1_179' title='bbox 1174 1233 1608 1283; x_wconf 87' lang='lat' dir='ltr'>Phyficorumjudicio</span> <span class='ocrx_word' id='word_1_180' title='bbox 1626 1259 1638 1279; x_wconf 89' lang='lat'>,</span> <span class='ocrx_word' id='word_1_181' title='bbox 1654 1232 1717 1272; x_wconf 87' lang='lat' dir='ltr'>uti</span> <span class='ocrx_word' id='word_1_182' title='bbox 1737 1234 1831 1284; x_wconf 63' lang='lat' dir='ltr'>plu-⁴·</span> 
     </span>
    </p>
   </div>
   <div class='ocr_carea' id='block_1_5' title="bbox 465 1285 1833 1969">
    <p class='ocr_par' dir='ltr' id='par_1_7' title="bbox 465 1285 1833 1969">
     <span class='ocr_line' id='line_1_25' title="bbox 478 1285 1833 1339; baseline 0.003 -17"><span class='ocrx_word' id='word_1_183' title='bbox 478 1285 587 1324; x_wconf 86' lang='lat' dir='ltr'>ribus</span> <span class='ocrx_word' id='word_1_184' title='bbox 605 1287 914 1335; x_wconf 76' lang='lat' dir='ltr'>exceptionibus</span> <span class='ocrx_word' id='word_1_185' title='bbox 930 1288 1257 1339; x_wconf 82' lang='lat' dir='ltr'>obnoxio,neque</span> <span class='ocrx_word' id='word_1_186' title='bbox 1272 1286 1458 1336; x_wconf 85' lang='lat' dir='ltr'>Capituli</span> <span class='ocrx_word' id='word_1_187' title='bbox 1471 1286 1685 1335; x_wconf 67' lang='lat' dir='ltr'>sententiae</span> <span class='ocrx_word' id='word_1_188' title='bbox 1703 1286 1833 1336; x_wconf 55' lang='lat' dir='ltr'>adhe*</span> 
     </span>
     <span class='ocr_line' id='line_1_26' title="bbox 477 1338 1829 1389; baseline 0.004 -14"><span class='ocrx_word' id='word_1_189' title='bbox 477 1348 570 1376; x_wconf 74' lang='lat' dir='ltr'>rens</span> <span class='ocrx_word' id='word_1_190' title='bbox 588 1363 601 1382; x_wconf 86' lang='lat'>,</span> <span class='ocrx_word' id='word_1_191' title='bbox 630 1338 916 1388; x_wconf 83' lang='lat' dir='ltr'>denegandum</span> <span class='ocrx_word' id='word_1_192' title='bbox 937 1340 1098 1380; x_wconf 88' lang='lat' dir='ltr'>censuit</span> <span class='ocrx_word' id='word_1_193' title='bbox 1125 1341 1315 1379; x_wconf 83' lang='lat' dir='ltr'>absolutae</span> <span class='ocrx_word' id='word_1_194' title='bbox 1334 1339 1565 1380; x_wconf 69' lang='lat' dir='ltr'>vacationis</span> <span class='ocrx_word' id='word_1_195' title='bbox 1583 1363 1597 1384; x_wconf 87' lang='lat'>‚</span> <span class='ocrx_word' id='word_1_196' title='bbox 1625 1340 1664 1380; x_wconf 85' lang='lat'>&amp;</span> <span class='ocrx_word' id='word_1_197' title='bbox 1681 1351 1829 1389; x_wconf 54' lang='lat' dir='ltr'>perpe*</span> 
     </span>
     <span class='ocr_line' id='line_1_27' title="bbox 480 1391 1829 1439; baseline 0.001 -11"><span class='ocrx_word' id='word_1_198' title='bbox 480 1393 560 1429; x_wconf 64' lang='lat' dir='ltr'>tu&#39;ae</span> <span class='ocrx_word' id='word_1_199' title='bbox 583 1391 772 1430; x_wconf 82' lang='lat' dir='ltr'>absentiae</span> <span class='ocrx_word' id='word_1_200' title='bbox 797 1392 1006 1432; x_wconf 84' lang='lat' dir='ltr'>indultum</span> <span class='ocrx_word' id='word_1_201' title='bbox 1021 1418 1035 1439; x_wconf 84' lang='lat'>‚</span> <span class='ocrx_word' id='word_1_202' title='bbox 1065 1393 1227 1433; x_wconf 89' lang='lat' dir='ltr'>ratione</span> <span class='ocrx_word' id='word_1_203' title='bbox 1245 1401 1317 1432; x_wconf 85' lang='lat' dir='ltr'>aut</span> <span class='ocrx_word' id='word_1_204' title='bbox 1332 1391 1524 1438; x_wconf 78' lang='lat' dir='ltr'>servitii,</span> <span class='ocrx_word' id='word_1_205' title='bbox 1553 1401 1624 1431; x_wconf 84' lang='lat' dir='ltr'>aut</span> <span class='ocrx_word' id='word_1_206' title='bbox 1652 1391 1829 1431; x_wconf 75' lang='lat' dir='ltr'>adverfae</span> 
     </span>
     <span class='ocr_line' id='line_1_28' title="bbox 477 1443 1831 1495; baseline 0.001 -15"><span class='ocrx_word' id='word_1_207' title='bbox 477 1443 773 1495; x_wconf 40' lang='lat' dir='ltr'>valetudinis:</span> <span class='ocrx_word' id='word_1_208' title='bbox 799 1444 909 1483; x_wconf 78' lang='lat' dir='ltr'>Nam</span> <span class='ocrx_word' id='word_1_209' title='bbox 927 1445 1088 1484; x_wconf 79' lang='lat' dir='ltr'>ratione</span> <span class='ocrx_word' id='word_1_210' title='bbox 1104 1445 1294 1490; x_wconf 87' lang='lat' dir='ltr'>servitii,</span> <span class='ocrx_word' id='word_1_211' title='bbox 1322 1447 1394 1484; x_wconf 82' lang='lat' dir='ltr'>nisi</span> <span class='ocrx_word' id='word_1_212' title='bbox 1415 1445 1518 1484; x_wconf 83' lang='lat' dir='ltr'>illud</span> <span class='ocrx_word' id='word_1_213' title='bbox 1534 1446 1582 1484; x_wconf 83' lang='lat' dir='ltr'>fit</span> <span class='ocrx_word' id='word_1_214' title='bbox 1610 1445 1831 1494; x_wconf 84' lang='lat' dir='ltr'>quadrage·-</span> 
     </span>
     <span class='ocr_line' id='line_1_29' title="bbox 477 1495 1828 1546; baseline 0 -11"><span class='ocrx_word' id='word_1_215' title='bbox 477 1495 639 1546; x_wconf 79' lang='lat' dir='ltr'>narium</span> <span class='ocrx_word' id='word_1_216' title='bbox 659 1522 673 1541; x_wconf 90' lang='lat'>‚</span> <span class='ocrx_word' id='word_1_217' title='bbox 689 1497 739 1536; x_wconf 52' lang='lat'>⁴&amp;</span> <span class='ocrx_word' id='word_1_218' title='bbox 754 1497 999 1536; x_wconf 64' lang='lat' dir='ltr'>‘continuum</span> <span class='ocrx_word' id='word_1_219' title='bbox 1017 1523 1030 1542; x_wconf 90' lang='lat'>‚</span> <span class='ocrx_word' id='word_1_220' title='bbox 1049 1510 1096 1537; x_wconf 86' lang='lat' dir='ltr'>ac</span> <span class='ocrx_word' id='word_1_221' title='bbox 1112 1497 1323 1537; x_wconf 85' lang='lat' dir='ltr'>laudabile</span> <span class='ocrx_word' id='word_1_222' title='bbox 1340 1522 1354 1541; x_wconf 86' lang='lat'>‚</span> <span class='ocrx_word' id='word_1_223' title='bbox 1381 1497 1557 1536; x_wconf 86' lang='lat' dir='ltr'>minime</span> <span class='ocrx_word' id='word_1_224' title='bbox 1574 1496 1749 1536; x_wconf 88' lang='lat' dir='ltr'>concedi</span> <span class='ocrx_word' id='word_1_225' title='bbox 1763 1497 1828 1535; x_wconf 86' lang='lat' dir='ltr'>so-</span> 
     </span>
     <span class='ocr_line' id='line_1_30' title="bbox 479 1548 1829 1600; baseline 0.001 -14"><span class='ocrx_word' id='word_1_226' title='bbox 479 1548 540 1587; x_wconf 82' lang='lat' dir='ltr'>let</span> <span class='ocrx_word' id='word_1_227' title='bbox 557 1549 741 1588; x_wconf 83' lang='lat' dir='ltr'>absoluta</span> <span class='ocrx_word' id='word_1_228' title='bbox 760 1549 1009 1600; x_wconf 72' lang='lat' dir='ltr'>dispensatio</span> <span class='ocrx_word' id='word_1_229' title='bbox 1029 1551 1283 1590; x_wconf 79' lang='lat' dir='ltr'>aresidentia</span> <span class='ocrx_word' id='word_1_230' title='bbox 1298 1576 1310 1595; x_wconf 82' lang='lat'>‚</span> <span class='ocrx_word' id='word_1_231' title='bbox 1337 1550 1418 1589; x_wconf 84' lang='lat' dir='ltr'>five</span> <span class='ocrx_word' id='word_1_232' title='bbox 1439 1549 1649 1588; x_wconf 85' lang='lat' dir='ltr'>indultum</span> <span class='ocrx_word' id='word_1_233' title='bbox 1671 1548 1829 1599; x_wconf 56' lang='lat' dir='ltr'>Jalula·-</span> 
     </span>
     <span class='ocr_line' id='line_1_31' title="bbox 476 1601 1828 1651; baseline 0.002 -13"><span class='ocrx_word' id='word_1_234' title='bbox 476 1601 603 1640; x_wconf 83' lang='lat' dir='ltr'>tionis</span> <span class='ocrx_word' id='word_1_235' title='bbox 628 1602 814 1647; x_wconf 72' lang='lat' dir='ltr'>ejusdem</span> <span class='ocrx_word' id='word_1_236' title='bbox 847 1603 1008 1643; x_wconf 81' lang='lat' dir='ltr'>servitii</span> <span class='ocrx_word' id='word_1_237' title='bbox 1035 1602 1394 1651; x_wconf 80' lang='lat' dir='ltr'>contemplatione</span> <span class='ocrx_word' id='word_1_238' title='bbox 1420 1601 1626 1651; x_wconf 85' lang='lat' dir='ltr'>indulgeri</span> <span class='ocrx_word' id='word_1_239' title='bbox 1656 1602 1828 1641; x_wconf 85' lang='lat' dir='ltr'>consue-</span> 
     </span>
     <span class='ocr_line' id='line_1_32' title="bbox 475 1652 1828 1704; baseline 0.001 -13"><span class='ocrx_word' id='word_1_240' title='bbox 475 1662 566 1691; x_wconf 86' lang='lat' dir='ltr'>tum</span> <span class='ocrx_word' id='word_1_241' title='bbox 584 1679 609 1699; x_wconf 13' lang='grc' dir='ltr'>,γ</span> <span class='ocrx_word' id='word_1_242' title='bbox 624 1655 740 1700; x_wconf 82' lang='lat' dir='ltr'>juxta</span> <span class='ocrx_word' id='word_1_243' title='bbox 758 1657 941 1704; x_wconf 83' lang='lat' dir='ltr'>regulam</span> <span class='ocrx_word' id='word_1_244' title='bbox 959 1656 1162 1696; x_wconf 85' lang='lat' dir='ltr'>servatam</span> <span class='ocrx_word' id='word_1_245' title='bbox 1188 1668 1210 1694; x_wconf 82' lang='lat' dir='ltr'>a</span> <span class='ocrx_word' id='word_1_246' title='bbox 1228 1655 1349 1694; x_wconf 86' lang='lat' dir='ltr'>Sacra</span> <span class='ocrx_word' id='word_1_247' title='bbox 1365 1652 1714 1704; x_wconf 86' lang='lat' dir='ltr'>Congregatione‚</span> <span class='ocrx_word' id='word_1_248' title='bbox 1730 1666 1828 1703; x_wconf 83' lang='lat' dir='ltr'>prae—.</span> 
     </span>
     <span class='ocr_line' id='line_1_33' title="bbox 470 1705 1822 1757; baseline 0.001 -13"><span class='ocrx_word' id='word_1_249' title='bbox 470 1705 614 1744; x_wconf 79' lang='lat' dir='ltr'>sertim</span> <span class='ocrx_word' id='word_1_250' title='bbox 630 1710 670 1744; x_wconf 74' lang='lat' dir='ltr'>in</span> <span class='ocrx_word' id='word_1_251' title='bbox 685 1707 935 1757; x_wconf 57' lang='lat' dir='ltr'>Constantiam.</span> <span class='ocrx_word' id='word_1_252' title='bbox 958 1708 1198 1757; x_wconf 69' lang='lat' dir='ltr'>Juhilationis</span> <span class='ocrx_word' id='word_1_253' title='bbox 1223 1721 1263 1757; x_wconf 87' lang='lat'>4.</span> <span class='ocrx_word' id='word_1_254' title='bbox 1285 1708 1384 1745; x_wconf 84' lang='lat' dir='ltr'>Maii</span> <span class='ocrx_word' id='word_1_255' title='bbox 1415 1720 1528 1755; x_wconf 87' lang='lat'>1737.</span> <span class='ocrx_word' id='word_1_256' title='bbox 1546 1707 1822 1755; x_wconf 75' lang='lat' dir='ltr'>lih.87.deeret.</span> 
     </span>
     <span class='ocr_line' id='line_1_34' title="bbox 465 1759 1827 1809; baseline 0 -11"><span class='ocrx_word' id='word_1_257' title='bbox 465 1763 644 1809; x_wconf 69' lang='lat' dir='ltr'>pag.146.</span> <span class='ocrx_word' id='word_1_258' title='bbox 662 1773 676 1799; x_wconf 81' lang='lat'>‚·</span> <span class='ocrx_word' id='word_1_259' title='bbox 707 1769 881 1809; x_wconf 81' lang='lat' dir='ltr'>eamque</span> <span class='ocrx_word' id='word_1_260' title='bbox 913 1772 990 1798; x_wconf 88' lang='lat' dir='ltr'>non</span> <span class='ocrx_word' id='word_1_261' title='bbox 1007 1761 1157 1800; x_wconf 86' lang='lat' dir='ltr'>mereri</span> <span class='ocrx_word' id='word_1_262' title='bbox 1175 1761 1418 1803; x_wconf 81' lang='lat' dir='ltr'>Oratorem,</span> <span class='ocrx_word' id='word_1_263' title='bbox 1436 1761 1632 1809; x_wconf 85' lang='lat' dir='ltr'>putabat,</span> <span class='ocrx_word' id='word_1_264' title='bbox 1658 1772 1754 1798; x_wconf 90' lang='lat' dir='ltr'>cum</span> <span class='ocrx_word' id='word_1_265' title='bbox 1784 1759 1827 1798; x_wconf 86' lang='lat' dir='ltr'>in</span> 
     </span>
     <span class='ocr_line' id='line_1_35' title="bbox 472 1811 1826 1862; baseline 0 -12"><span class='ocrx_word' id='word_1_266' title='bbox 472 1812 562 1859; x_wconf 81' lang='lat' dir='ltr'>ipfis</span> <span class='ocrx_word' id='word_1_267' title='bbox 581 1811 766 1859; x_wconf 83' lang='lat' dir='ltr'>precibus</span> <span class='ocrx_word' id='word_1_268' title='bbox 800 1814 928 1852; x_wconf 79' lang='lat' dir='ltr'>Sacrae</span> <span class='ocrx_word' id='word_1_269' title='bbox 946 1811 1269 1862; x_wconf 78' lang='lat' dir='ltr'>Congregationi</span> <span class='ocrx_word' id='word_1_270' title='bbox 1285 1813 1434 1852; x_wconf 88' lang='lat' dir='ltr'>oblatis</span> <span class='ocrx_word' id='word_1_271' title='bbox 1463 1812 1692 1851; x_wconf 84' lang='lat' dir='ltr'>narraverit</span> <span class='ocrx_word' id='word_1_272' title='bbox 1711 1837 1725 1857; x_wconf 87' lang='lat'><strong>‚</strong></span> <span class='ocrx_word' id='word_1_273' title='bbox 1750 1812 1826 1850; x_wconf 85' lang='lat' dir='ltr'>Ec·-</span> 
     </span>
     <span class='ocr_line' id='line_1_36' title="bbox 472 1863 1829 1915; baseline 0.001 -14"><span class='ocrx_word' id='word_1_274' title='bbox 472 1863 600 1902; x_wconf 80' lang='lat' dir='ltr'>clefiae</span> <span class='ocrx_word' id='word_1_275' title='bbox 616 1863 832 1904; x_wconf 70' lang='lat' dir='ltr'>deservisse</span> <span class='ocrx_word' id='word_1_276' title='bbox 848 1865 943 1904; x_wconf 83' lang='lat' dir='ltr'>solis</span> <span class='ocrx_word' id='word_1_277' title='bbox 965 1865 1138 1915; x_wconf 87' lang='lat' dir='ltr'>triginta</span> <span class='ocrx_word' id='word_1_278' title='bbox 1157 1867 1250 1904; x_wconf 61' lang='lat'>0610</span> <span class='ocrx_word' id='word_1_279' title='bbox 1266 1864 1380 1904; x_wconf 88' lang='lat' dir='ltr'>annis</span> <span class='ocrx_word' id='word_1_280' title='bbox 1397 1890 1410 1909; x_wconf 87' lang='lat'><strong>‚</strong></span> <span class='ocrx_word' id='word_1_281' title='bbox 1441 1865 1512 1915; x_wconf 90' lang='lat' dir='ltr'>qui</span> <span class='ocrx_word' id='word_1_282' title='bbox 1527 1865 1702 1904; x_wconf 88' lang='lat' dir='ltr'>minime</span> <span class='ocrx_word' id='word_1_283' title='bbox 1718 1863 1829 1903; x_wconf 84' lang='lat' dir='ltr'>suffi-</span> 
     </span>
     <span class='ocr_line' id='line_1_37' title="bbox 468 1916 1828 1969; baseline 0.001 -15"><span class='ocrx_word' id='word_1_284' title='bbox 468 1916 584 1955; x_wconf 89' lang='lat' dir='ltr'>ciunt</span> <span class='ocrx_word' id='word_1_285' title='bbox 616 1917 665 1955; x_wconf 88' lang='lat' dir='ltr'>ad</span> <span class='ocrx_word' id='word_1_286' title='bbox 699 1918 989 1957; x_wconf 85' lang='lat' dir='ltr'>adstruendum</span> <span class='ocrx_word' id='word_1_287' title='bbox 1021 1918 1262 1968; x_wconf 80' lang='lat' dir='ltr'>requifitum</span> <span class='ocrx_word' id='word_1_288' title='bbox 1293 1917 1666 1969; x_wconf 83' lang='lat' dir='ltr'>quadragenarium</span> <span class='ocrx_word' id='word_1_289' title='bbox 1697 1916 1828 1957; x_wconf 87' lang='lat' dir='ltr'>servi-</span> 
     </span>
    </p>
   </div>
   <div class='ocr_carea' id='block_1_6' title="bbox 468 1958 1934 2020">
    <p class='ocr_par' dir='ltr' id='par_1_8' title="bbox 468 1958 1934 2020">
     <span class='ocr_line' id='line_1_38' title="bbox 468 1958 1934 2020; baseline 0.002 -13"><span class='ocrx_word' id='word_1_290' title='bbox 468 1969 577 2008; x_wconf 80' lang='lat' dir='ltr'>tium</span> <span class='ocrx_word' id='word_1_291' title='bbox 593 1994 605 2013; x_wconf 87' lang='lat'><strong>‚</strong></span> <span class='ocrx_word' id='word_1_292' title='bbox 635 1977 682 2008; x_wconf 90' lang='lat' dir='ltr'>ut</span> <span class='ocrx_word' id='word_1_293' title='bbox 716 1970 852 2009; x_wconf 87' lang='lat' dir='ltr'>innuit</span> <span class='ocrx_word' id='word_1_294' title='bbox 887 1970 1134 2020; x_wconf 84' lang='lat' dir='ltr'>rescriptum</span> <span class='ocrx_word' id='word_1_295' title='bbox 1151 1971 1281 2010; x_wconf 82' lang='lat' dir='ltr'>Sacrae</span> <span class='ocrx_word' id='word_1_296' title='bbox 1298 1970 1646 2020; x_wconf 86' lang='lat' dir='ltr'>Congregationis</span> <span class='ocrx_word' id='word_1_297' title='bbox 1663 1975 1702 2008; x_wconf 85' lang='lat' dir='ltr'>in</span> <span class='ocrx_word' id='word_1_298' title='bbox 1717 1973 1823 2009; x_wconf 74' lang='lat' dir='ltr'>Seri·-</span> <span class='ocrx_word' id='word_1_299' title='bbox 1842 1974 1866 2010; x_wconf 73' lang='grc'>.’</span> <span class='ocrx_word' id='word_1_300' title='bbox 1931 1958 1934 1994; x_wconf 54' lang='lat' dir='ltr'>i</span> 
     </span>
    </p>
   </div>
   <div class='ocr_carea' id='block_1_7' title="bbox 469 2021 1820 2124">
    <p class='ocr_par' dir='ltr' id='par_1_9' title="bbox 469 2021 1820 2124">
     <span class='ocr_line' id='line_1_39' title="bbox 471 2021 1820 2079; baseline 0.001 -20"><span class='ocrx_word' id='word_1_301' title='bbox 471 2031 519 2059; x_wconf 76' lang='lat' dir='ltr'>na</span> <span class='ocrx_word' id='word_1_302' title='bbox 534 2021 809 2072; x_wconf 51' lang='lat' dir='ltr'>dispensationi-s</span> <span class='ocrx_word' id='word_1_303' title='bbox 825 2038 846 2061; x_wconf 85' lang='lat' dir='ltr'>a</span> <span class='ocrx_word' id='word_1_304' title='bbox 860 2026 1025 2063; x_wconf 81' lang='lat' dir='ltr'>Ser-vitio</span> <span class='ocrx_word' id='word_1_305' title='bbox 1044 2025 1152 2062; x_wconf 69' lang='lat' dir='ltr'>chori</span> <span class='ocrx_word' id='word_1_306' title='bbox 1177 2039 1200 2079; x_wconf 56' lang='grc' dir='ltr'>μ2</span> <span class='ocrx_word' id='word_1_307' title='bbox 1209 2038 1243 2064; x_wconf 83' lang='lat'>2.</span> <span class='ocrx_word' id='word_1_308' title='bbox 1260 2025 1401 2063; x_wconf 66' lang='lat' dir='ltr'>Martis·</span> <span class='ocrx_word' id='word_1_309' title='bbox 1420 2029 1533 2071; x_wconf 86' lang='lat'><em>1760.</em></span> <span class='ocrx_word' id='word_1_310' title='bbox 1550 2024 1617 2062; x_wconf 82' lang='lat' dir='ltr'>lib.</span> <span class='ocrx_word' id='word_1_311' title='bbox 1630 2037 1643 2061; x_wconf 93' lang='lat'>1</span> <span class='ocrx_word' id='word_1_312' title='bbox 1657 2025 1820 2062; x_wconf 81' lang='lat' dir='ltr'>1o.deer.</span> 
     </span>
     <span class='ocr_line' id='line_1_40' title="bbox 469 2084 662 2124; baseline 0.016 -13"><span class='ocrx_word' id='word_1_313' title='bbox 469 2084 551 2124; x_wconf 82' lang='lat' dir='ltr'>pag.</span> <span class='ocrx_word' id='word_1_314' title='bbox 576 2089 589 2113; x_wconf 88' lang='lat'>1</span> <span class='ocrx_word' id='word_1_315' title='bbox 601 2089 662 2114; x_wconf 85' lang='lat'>20.</span> 
     </span>
    </p>
   </div>
   <div class='ocr_carea' id='block_1_8' title="bbox 421 2116 1836 2180">
    <p class='ocr_par' dir='ltr' id='par_1_10' title="bbox 421 2116 1836 2180">
     <span class='ocr_line' id='line_1_41' title="bbox 421 2116 1836 2180; baseline -0.001 -15"><span class='ocrx_word' id='word_1_316' title='bbox 421 2131 575 2177; x_wconf 83' lang='lat' dir='ltr'>Neque</span> <span class='ocrx_word' id='word_1_317' title='bbox 595 2128 755 2177; x_wconf 83' lang='lat' dir='ltr'>insuper</span> <span class='ocrx_word' id='word_1_318' title='bbox 769 2128 967 2169; x_wconf 72' lang='lat' dir='ltr'>anicinum</span> <span class='ocrx_word' id='word_1_319' title='bbox 987 2153 1000 2172; x_wconf 83' lang='lat'>‚</span> <span class='ocrx_word' id='word_1_320' title='bbox 1019 2128 1279 2171; x_wconf 77' lang='lat' dir='ltr'>&amp;laudabile</span> <span class='ocrx_word' id='word_1_321' title='bbox 1296 2128 1513 2169; x_wconf 68' lang='lat' dir='ltr'>videbatur</span> <span class='ocrx_word' id='word_1_322' title='bbox 1529 2129 1730 2180; x_wconf 70' lang='lat' dir='ltr'>Episcopcs</span> <span class='ocrx_word' id='word_1_323' title='bbox 1741 2116 1836 2166; x_wconf 66' lang='lat' dir='ltr'>ser-³</span> 
     </span>
    </p>
   </div>
   <div class='ocr_carea' id='block_1_9' title="bbox 468 2178 1862 2704">
    <p class='ocr_par' dir='ltr' id='par_1_11' title="bbox 468 2178 1862 2704">
     <span class='ocr_line' id='line_1_42' title="bbox 471 2178 1818 2232; baseline -0.001 -14"><span class='ocrx_word' id='word_1_324' title='bbox 471 2178 622 2218; x_wconf 85' lang='lat' dir='ltr'>vitium</span> <span class='ocrx_word' id='word_1_325' title='bbox 654 2182 700 2220; x_wconf 91' lang='lat' dir='ltr'>ab</span> <span class='ocrx_word' id='word_1_326' title='bbox 729 2181 913 2222; x_wconf 85' lang='lat' dir='ltr'>Oratore</span> <span class='ocrx_word' id='word_1_327' title='bbox 946 2181 1170 2232; x_wconf 79' lang='lat' dir='ltr'>praestitum</span> <span class='ocrx_word' id='word_1_328' title='bbox 1190 2212 1199 2221; x_wconf 91' lang='lat'><em>.</em></span> <span class='ocrx_word' id='word_1_329' title='bbox 1229 2183 1336 2222; x_wconf 81' lang='lat' dir='ltr'>Cum</span> <span class='ocrx_word' id='word_1_330' title='bbox 1364 2182 1638 2231; x_wconf 83' lang='lat' dir='ltr'>Hyeracenfis</span> <span class='ocrx_word' id='word_1_331' title='bbox 1665 2180 1818 2220; x_wconf 75' lang='lat' dir='ltr'>Cathe—</span> 
     </span>
     <span class='ocr_line' id='line_1_43' title="bbox 470 2231 1862 2286; baseline 0.004 -17"><span class='ocrx_word' id='word_1_332' title='bbox 470 2231 600 2282; x_wconf 76' lang='lat' dir='ltr'>dralis</span> <span class='ocrx_word' id='word_1_333' title='bbox 614 2232 816 2273; x_wconf 82' lang='lat' dir='ltr'>Canonici</span> <span class='ocrx_word' id='word_1_334' title='bbox 834 2259 847 2278; x_wconf 82' lang='lat'><em>‚</em></span> <span class='ocrx_word' id='word_1_335' title='bbox 880 2233 1110 2275; x_wconf 72' lang='lat' dir='ltr'>intermisso</span> <span class='ocrx_word' id='word_1_336' title='bbox 1135 2235 1379 2286; x_wconf 73' lang='lat' dir='ltr'>quotidiano</span> <span class='ocrx_word' id='word_1_337' title='bbox 1411 2235 1583 2275; x_wconf 86' lang='lat' dir='ltr'>servitio</span> <span class='ocrx_word' id='word_1_338' title='bbox 1607 2234 1658 2274; x_wconf 87' lang='lat' dir='ltr'>de</span> <span class='ocrx_word' id='word_1_339' title='bbox 1689 2232 1817 2283; x_wconf 61' lang='lat' dir='ltr'>Jurea</span> <span class='ocrx_word' id='word_1_340' title='bbox 1860 2259 1862 2262; x_wconf 58' lang='lat'>&gt;</span> 
     </span>
     <span class='ocr_line' id='line_1_44' title="bbox 470 2280 1812 2338; baseline 0.001 -17"><span class='ocrx_word' id='word_1_341' title='bbox 470 2280 690 2333; x_wconf 60' lang='lat' dir='ltr'>praestando</span> <span class='ocrx_word' id='word_1_342' title='bbox 709 2311 721 2332; x_wconf 92' lang='lat'><strong><em>‚</em></strong></span> <span class='ocrx_word' id='word_1_343' title='bbox 751 2287 800 2326; x_wconf 86' lang='lat' dir='ltr'>ad</span> <span class='ocrx_word' id='word_1_344' title='bbox 817 2295 964 2327; x_wconf 73' lang='lat' dir='ltr'>notata</span> <span class='ocrx_word' id='word_1_345' title='bbox 976 2298 1044 2336; x_wconf 80' lang='lat' dir='ltr'>per</span> <span class='ocrx_word' id='word_1_346' title='bbox 1065 2288 1229 2336; x_wconf 73' lang='lat' dir='ltr'>Fagnan.</span> <span class='ocrx_word' id='word_1_347' title='bbox 1242 2285 1281 2327; x_wconf 62' lang='lat' dir='ltr'>iit</span> <span class='ocrx_word' id='word_1_348' title='bbox 1298 2298 1373 2338; x_wconf 86' lang='lat' dir='ltr'>cap.</span> <span class='ocrx_word' id='word_1_349' title='bbox 1390 2290 1440 2326; x_wconf 77' lang='lat' dir='ltr'>ad</span> <span class='ocrx_word' id='word_1_350' title='bbox 1455 2290 1678 2328; x_wconf 70' lang='lat' dir='ltr'>audientiam</span> <span class='ocrx_word' id='word_1_351' title='bbox 1703 2290 1739 2323; x_wconf 72' lang='lat' dir='ltr'>n.</span> <span class='ocrx_word' id='word_1_352' title='bbox 1751 2298 1812 2333; x_wconf 87' lang='lat'>14.</span> 
     </span>
     <span class='ocr_line' id='line_1_45' title="bbox 470 2336 1816 2391; baseline 0.001 -17"><span class='ocrx_word' id='word_1_353' title='bbox 470 2338 516 2375; x_wconf 83' lang='lat' dir='ltr'>de</span> <span class='ocrx_word' id='word_1_354' title='bbox 533 2338 628 2378; x_wconf 84' lang='lat' dir='ltr'>Cler.</span> <span class='ocrx_word' id='word_1_355' title='bbox 648 2353 715 2377; x_wconf 86' lang='lat' dir='ltr'>non</span> <span class='ocrx_word' id='word_1_356' title='bbox 730 2340 876 2391; x_wconf 63' lang='lat' dir='ltr'>residem.</span> <span class='ocrx_word' id='word_1_357' title='bbox 892 2364 906 2384; x_wconf 83' lang='lat'>‚</span> <span class='ocrx_word' id='word_1_358' title='bbox 936 2340 1128 2389; x_wconf 75' lang='lat' dir='ltr'>caeperint</span> <span class='ocrx_word' id='word_1_359' title='bbox 1142 2340 1306 2380; x_wconf 84' lang='lat' dir='ltr'>Divinis</span> <span class='ocrx_word' id='word_1_360' title='bbox 1335 2341 1499 2382; x_wconf 81' lang='lat' dir='ltr'>Officiis</span> <span class='ocrx_word' id='word_1_361' title='bbox 1525 2336 1711 2380; x_wconf 75' lang='lat' dir='ltr'>interesse</span> <span class='ocrx_word' id='word_1_362' title='bbox 1739 2337 1816 2376; x_wconf 89' lang='lat' dir='ltr'>du·-</span> 
     </span>
     <span class='ocr_line' id='line_1_46' title="bbox 468 2389 1852 2447; baseline 0 -19"><span class='ocrx_word' id='word_1_363' title='bbox 468 2390 569 2429; x_wconf 69' lang='lat' dir='ltr'>dum</span> <span class='ocrx_word' id='word_1_364' title='bbox 583 2400 654 2439; x_wconf 79' lang='lat' dir='ltr'>per</span> <span class='ocrx_word' id='word_1_365' title='bbox 670 2391 926 2442; x_wconf 59' lang='lat' dir='ltr'>quartanam</span> <span class='ocrx_word' id='word_1_366' title='bbox 941 2418 954 2437; x_wconf 86' lang='lat'>,</span> <span class='ocrx_word' id='word_1_367' title='bbox 972 2398 1072 2432; x_wconf 77' lang='lat' dir='ltr'>mox,</span> <span class='ocrx_word' id='word_1_368' title='bbox 1084 2395 1155 2442; x_wconf 83' lang='lat' dir='ltr'>per</span> <span class='ocrx_word' id='word_1_369' title='bbox 1166 2393 1403 2438; x_wconf 81' lang='lat' dir='ltr'>sextariam,</span> <span class='ocrx_word' id='word_1_370' title='bbox 1419 2396 1487 2434; x_wconf 88' lang='lat' dir='ltr'>seu</span> <span class='ocrx_word' id='word_1_371' title='bbox 1503 2391 1684 2444; x_wconf 78' lang='lat' dir='ltr'>qualibet</span> <span class='ocrx_word' id='word_1_372' title='bbox 1700 2389 1815 2447; x_wconf 61' lang='lat' dir='ltr'>sexta</span> <span class='ocrx_word' id='word_1_373' title='bbox 1849 2417 1852 2420; x_wconf 80' lang='lat'><em>-</em></span> 
     </span>
     <span class='ocr_line' id='line_1_47' title="bbox 469 2441 1814 2494; baseline 0 -14"><span class='ocrx_word' id='word_1_374' title='bbox 469 2443 724 2484; x_wconf 85' lang='lat' dir='ltr'>hebdomada</span> <span class='ocrx_word' id='word_1_375' title='bbox 755 2457 826 2494; x_wconf 85' lang='lat' dir='ltr'>per</span> <span class='ocrx_word' id='word_1_376' title='bbox 841 2454 1036 2484; x_wconf 86' lang='lat' dir='ltr'>turnum:</span> <span class='ocrx_word' id='word_1_377' title='bbox 1065 2455 1208 2485; x_wconf 86' lang='lat' dir='ltr'>contra</span> <span class='ocrx_word' id='word_1_378' title='bbox 1224 2446 1334 2486; x_wconf 86' lang='lat' dir='ltr'>Sacri</span> <span class='ocrx_word' id='word_1_379' title='bbox 1363 2445 1543 2486; x_wconf 86' lang='lat' dir='ltr'>Concilii</span> <span class='ocrx_word' id='word_1_380' title='bbox 1572 2441 1814 2482; x_wconf 73' lang='lat' dir='ltr'>Tridentini</span> 
     </span>
     <span class='ocr_line' id='line_1_48' title="bbox 473 2495 1813 2548; baseline 0.002 -17"><span class='ocrx_word' id='word_1_381' title='bbox 473 2495 684 2535; x_wconf 88' lang='lat' dir='ltr'>censuram</span> <span class='ocrx_word' id='word_1_382' title='bbox 701 2500 739 2535; x_wconf 85' lang='lat' dir='ltr'>in</span> <span class='ocrx_word' id='word_1_383' title='bbox 755 2507 831 2546; x_wconf 85' lang='lat' dir='ltr'>cap.</span> <span class='ocrx_word' id='word_1_384' title='bbox 843 2497 1116 2547; x_wconf 81' lang='lat' dir='ltr'>12.sess.24.de</span> <span class='ocrx_word' id='word_1_385' title='bbox 1130 2498 1333 2546; x_wconf 83' lang='lat' dir='ltr'>Reformat.</span> <span class='ocrx_word' id='word_1_386' title='bbox 1351 2523 1364 2543; x_wconf 80' lang='lat'>‚</span> <span class='ocrx_word' id='word_1_387' title='bbox 1388 2511 1464 2548; x_wconf 84' lang='lat' dir='ltr'>qua</span> <span class='ocrx_word' id='word_1_388' title='bbox 1478 2497 1706 2535; x_wconf 84' lang='lat' dir='ltr'>tolerantur</span> <span class='ocrx_word' id='word_1_389' title='bbox 1725 2495 1813 2534; x_wconf 80' lang='lat' dir='ltr'>Sta-</span> 
     </span>
     <span class='ocr_line' id='line_1_49' title="bbox 473 2547 1814 2600; baseline -0.004 -10"><span class='ocrx_word' id='word_1_390' title='bbox 473 2553 590 2590; x_wconf 82' lang='lat' dir='ltr'>tuta,</span> <span class='ocrx_word' id='word_1_391' title='bbox 616 2549 682 2588; x_wconf 87' lang='lat' dir='ltr'>vel</span> <span class='ocrx_word' id='word_1_392' title='bbox 697 2549 1013 2589; x_wconf 87' lang='lat' dir='ltr'>consuetudines</span> <span class='ocrx_word' id='word_1_393' title='bbox 1043 2551 1306 2590; x_wconf 86' lang='lat' dir='ltr'>vacationum</span> <span class='ocrx_word' id='word_1_394' title='bbox 1321 2563 1390 2600; x_wconf 89' lang='lat' dir='ltr'>pro</span> <span class='ocrx_word' id='word_1_395' title='bbox 1406 2550 1499 2589; x_wconf 87' lang='lat' dir='ltr'>solis</span> <span class='ocrx_word' id='word_1_396' title='bbox 1513 2547 1641 2586; x_wconf 85' lang='lat' dir='ltr'>tribus</span> <span class='ocrx_word' id='word_1_397' title='bbox 1667 2548 1814 2586; x_wconf 73' lang='lat' dir='ltr'>mensi·</span> 
     </span>
     <span class='ocr_line' id='line_1_50' title="bbox 471 2596 1814 2652; baseline 0.003 -19"><span class='ocrx_word' id='word_1_398' title='bbox 471 2596 542 2634; x_wconf 88' lang='lat' dir='ltr'>bus</span> <span class='ocrx_word' id='word_1_399' title='bbox 559 2600 770 2640; x_wconf 87' lang='lat' dir='ltr'>continuis</span> <span class='ocrx_word' id='word_1_400' title='bbox 787 2627 800 2646; x_wconf 88' lang='lat'>‚</span> <span class='ocrx_word' id='word_1_401' title='bbox 818 2611 889 2640; x_wconf 83' lang='lat' dir='ltr'>aut</span> <span class='ocrx_word' id='word_1_402' title='bbox 908 2602 1173 2652; x_wconf 84' lang='lat' dir='ltr'>interpolatis</span> <span class='ocrx_word' id='word_1_403' title='bbox 1191 2615 1201 2641; x_wconf 78' lang='lat' dir='ltr'>z</span> <span class='ocrx_word' id='word_1_404' title='bbox 1231 2604 1269 2643; x_wconf 71' lang='grc' dir='ltr'>ὃς</span> <span class='ocrx_word' id='word_1_405' title='bbox 1285 2613 1426 2642; x_wconf 86' lang='lat' dir='ltr'>contra</span> <span class='ocrx_word' id='word_1_406' title='bbox 1445 2600 1674 2639; x_wconf 86' lang='lat' dir='ltr'>Oraculum</span> <span class='ocrx_word' id='word_1_407' title='bbox 1691 2603 1814 2647; x_wconf 84' lang='lat' dir='ltr'>hujus</span> 
     </span>
     <span class='ocr_line' id='line_1_51' title="bbox 474 2647 1813 2704; baseline 0.004 -18"><span class='ocrx_word' id='word_1_408' title='bbox 474 2647 605 2687; x_wconf 84' lang='lat' dir='ltr'>Sacrae</span> <span class='ocrx_word' id='word_1_409' title='bbox 624 2650 991 2702; x_wconf 82' lang='lat' dir='ltr'>Congregationis,</span> <span class='ocrx_word' id='word_1_410' title='bbox 1031 2656 1146 2700; x_wconf 84' lang='lat' dir='ltr'>cujus</span> <span class='ocrx_word' id='word_1_411' title='bbox 1161 2653 1410 2704; x_wconf 86' lang='lat' dir='ltr'>Ampliffimi</span> <span class='ocrx_word' id='word_1_412' title='bbox 1430 2651 1570 2691; x_wconf 86' lang='lat' dir='ltr'>Patres</span> <span class='ocrx_word' id='word_1_413' title='bbox 1598 2665 1620 2691; x_wconf 87' lang='lat' dir='ltr'>a</span> <span class='ocrx_word' id='word_1_414' title='bbox 1650 2653 1813 2703; x_wconf 54' lang='lat' dir='ltr'>Hyeraa</span> 
     </span>
    </p>
   </div>
   <div class='ocr_carea' id='block_1_10' title="bbox 469 2701 1811 2799">
    <p class='ocr_par' dir='ltr' id='par_1_12' title="bbox 469 2701 1811 2799">
     <span class='ocr_line' id='line_1_52' title="bbox 469 2701 1811 2799; baseline 0.004 -60"><span class='ocrx_word' id='word_1_415' title='bbox 469 2701 576 2740; x_wconf 83' lang='lat' dir='ltr'>cenfi</span> <span class='ocrx_word' id='word_1_416' title='bbox 590 2701 790 2752; x_wconf 80' lang='lat' dir='ltr'>Episcopo</span> <span class='ocrx_word' id='word_1_417' title='bbox 812 2706 1026 2752; x_wconf 85' lang='lat' dir='ltr'>consulti,</span> <span class='ocrx_word' id='word_1_418' title='bbox 1054 2707 1264 2748; x_wconf 83' lang='lat' dir='ltr'>occafione</span> <span class='ocrx_word' id='word_1_419' title='bbox 1290 2705 1537 2748; x_wconf 74' lang='lat' dir='ltr'>visitationis</span> <span class='ocrx_word' id='word_1_420' title='bbox 1567 2706 1811 2799; x_wconf 50' lang='lat' dir='ltr'>Sacroruirta</span> 
     </span>
     <span class='ocr_line' id='line_1_53' title="bbox 1776 2771 1811 2799; baseline 0 -11"><span class='ocrx_word' id='word_1_421' title='bbox 1776 2771 1811 2799; x_wconf 59' lang='lat'>1⁴¹*</span> 
     </span>
    </p>
   </div>
  </div>
 </body>
</html>
