1934 2954
1355 90 1368 113 1

85 129 318 169 animarum
344 125 584 175 degentium
604 124 641 162 in
656 122 1044 169 circumjacentibus
1060 122 1238 172 Oppidis
1254 125 1320 166 vix
1341 89 1429 166 ΜΞΕἰ

85 181 178 220 ucis
194 180 378 228 supplere
396 177 640 228 indigentiis
675 176 853 227 ipsorum
880 175 1147 215 Conventus:
1179 178 1429 231 illorumque

85 234 151 274 sex
169 233 285 280 super
299 231 486 271 articulis
521 229 768 280 interrogati
802 229 840 269 in
870 227 995 267 Curia
1028 227 1259 278 Episcopali
1290 233 1427 272 testati

86 286 178 326 sunt
194 311 207 330 ‚
238 292 337 323 ante
353 284 531 336 quinque
548 309 562 329 ‚
587 283 654 323 vel
672 284 765 323 osto
798 283 1017 331 postremos
1039 292 1160 320 annos
1178 295 1429 334 numquam

83 336 334 376 consuevisse
349 336 630 386 Cappucciuos
649 362 661 381 ‚
678 334 979 385 adpraedit‘tam
998 332 1174 373 Terram
1204 334 1428 375 duodecim

83 387 330 428 milliaribus
356 391 402 429 ab
435 402 578 430 eorum
605 389 826 428 Conventu
850 388 1065 427 distantem
1094 388 1290 427 accedere
1312 414 1324 433 ‚
1351 399 1424 435 pro

86 441 315 491 quaerendis
335 442 637 492 eleemosynis:
666 440 738 481 alii
756 450 898 482 autem
929 453 952 480 a
977 440 1262 479 Gubernatore
1284 439 1429 479 Locali

87 494 315 534 examinati
348 494 600 536 asseruerunt
626 517 640 539 ‚
670 491 919 534 consuevisse
943 492 1111 543 quidem
1143 491 1428 542 Cappuccinos

85 555 185 586 ante
202 546 242 586 id
259 556 420 598 tempus
436 548 660 600 aliquoties
691 547 889 587 accedere
915 546 965 585 ad
992 544 1165 584 Terram
1182 545 1330 584 Morrae
1346 571 1359 589 ‚
1389 544 1428 585 Sc

84 599 230 648 stipem
248 601 427 639 ostiatim
444 613 618 652 quaerere
636 600 676 638 in
691 598 877 649 Oppidio
896 625 910 644 ‚
936 596 1006 637 sed
1025 599 1073 636 ab
1089 597 1205 636 annis
1223 597 1401 649 quinque
1417 620 1432 640 ‚

85 651 157 690 vel
175 651 239 691 sex
260 652 392 692 solum
408 652 598 703 incepisse
615 665 686 702 per
702 652 837 702 Agros
857 650 1077 690 circumire
1094 662 1167 699 pro
1185 648 1432 700 colligendis

87 701 273 753 frugibus
289 713 478 755 tempore
493 705 626 745 meffis
641 734 651 744 .
681 704 821 753 Qiare
838 703 998 744 Fratres
1015 701 1246 742 Reformati
1261 710 1435 742 conten·-

85 754 193 796 dunt
210 780 224 800 ‚
240 758 356 796 nullo
372 759 411 796 in
428 759 566 807 pretio
582 759 710 797 haben
719 759 808 796 darn
829 755 906 796 else
922 764 1137 796 recentem
1153 755 1433 805 Cappuccino-

87 820 179 847 rum
195 808 474 859 poffeffionem
492 836 506 856 ,
536 823 621 862 quae
635 810 703 849 liti
718 814 879 849 causam
896 808 1010 848 dedit
1026 834 1038 853 ,
1054 809 1091 848 ὃ(
1105 808 1294 848 adversus
1310 817 1432 857 quam

84 859 162 909 ipfi
178 861 457 902 incontinenti
473 865 753 904 reclamarunt
768 875 873 902 anno
893 877 905 900 ι
916 875 961 908 75
972 873 1005 906 5.
1025 861 1063 899 in
1080 859 1205 900 Curia
1220 860 1435 910 Episcopa-

85 913 122 951 li
135 938 150 958 ‚
176 925 273 953 cum
286 915 592 965 acquiescentia
609 942 622 961 ‚
638 917 676 956 &
691 914 841 956 recessu
858 913 1065 964 Cappucci
1082 925 1243 958 norum,
1261 923 1438 964 quorum

88 965 351 1006 Guardianus
368 969 553 1017 precibus
571 969 768 1018 Episcopo
778 968 928 1009 oblatis
943 966 1068 1017 petiit
1085 964 1437 1016 consignationem

88 1026 212 1058 certae
230 1020 478 1068 quantitatis
508 1021 723 1061 Frumenti
751 1034 773 1060 a
786 1021 856 1060 suo
875 1019 1088 1059 Tertiario
1113 1018 1282 1058 collecti
1312 1043 1325 1063 ‚
1355 1022 1433 1054 hac

88 1069 262 1110 adducta
278 1072 442 1113 ratione
458 1098 471 1118 ‚
489 1074 584 1125 quia
606 1075 771 1124 effendofi
787 1075 975 1111 ahhoccato
991 1086 1053 1110 con
1068 1071 1184 1122 questo
1201 1072 1437 1110 R.P.Guar-

88 1125 201 1161 diano
218 1125 360 1162 attuale
373 1127 414 1163 di
431 1129 527 1164 detti
539 1128 741 1175 Riformati
760 1128 892 1165 avanti
920 1125 982 1163 del
1007 1125 1204 1173 degmsffimo
1210 1124 1278 1173 suo
1296 1121 1435 1159 Revffio

92 1178 143 1216 V
138 1180 252 1215 icario
269 1177 470 1225 Generale,
477 1179 565 1228 sono
581 1182 733 1231 rimasti,
750 1182 813 1217 che
825 1183 863 1217 in
877 1181 1054 1217 avvem‘re
1069 1180 1126 1226 effi
1138 1178 1353 1228 Cappuccini
1360 1174 1435 1223 βαι

92 1241 211 1268 ranno
236 1230 297 1267 nel
312 1231 353 1266 di
367 1229 443 1269 loro
474 1233 631 1283 ristretto
655 1259 668 1278 ,
697 1247 716 1270 e
733 1232 868 1279 chesra
883 1240 982 1269 tanto
1006 1239 1073 1279 per
1087 1230 1205 1281 questa
1218 1228 1318 1267 volta
1323 1227 1356 1277 fi
1370 1228 1435 1263 de-

94 1281 204 1321 liberi
219 1296 242 1320 a
251 1283 387 1330 favore
400 1285 646 1334 de'medefimi
666 1287 883 1334 Cappuccini
900 1283 1126 1327 l'anzidetto
1135 1292 1220 1332 poco
1227 1293 1344 1329 grano
1356 1307 1366 1317 .

43 1333 212 1376 Sublata
227 1343 371 1374 autem
387 1337 548 1376 recenti
563 1337 921 1387 Cappuccinorum
936 1332 1171 1384 poffeffione
1187 1360 1201 1379 ‚
1215 1338 1436 1371 autumant

96 1385 350 1434 Reformati‚
368 1387 453 1427 illis
469 1390 629 1428 nullum
648 1399 889 1439 competere
907 1389 969 1433 jus
990 1385 1232 1438 quaestuandi
1250 1384 1291 1423 in
1306 1383 1439 1423 Terra

91 1438 276 1496 Monae,
307 1439 541 1491 eisdemque
558 1442 712 1482 merito
730 1441 996 1482 interdictum
1015 1438 1131 1479 fuisse
1158 1434 1359 1477 accessum
1387 1435 1439 1473 ad

90 1490 214 1529 allam
231 1501 305 1538 pro
321 1493 600 1543 eleemosynis
627 1494 905 1544 colligendiss
934 1505 1029 1531 cum
1062 1492 1322 1541 exploratum
1350 1489 1396 1525 fit
1422 1511 1439 1530 ,

90 1541 388 1583 Mendicantes
405 1546 495 1585 suos
513 1547 756 1586 constitutos
776 1547 878 1586 fines
896 1544 1036 1594 egredi
1054 1556 1131 1582 non
1149 1540 1254 1592 posse
1267 1541 1316 1581 ad
1333 1551 1443 1590 quae-

95 1595 245 1635 tendas
259 1596 544 1644 eleemosynas
559 1624 573 1644 ‚
605 1601 643 1638 &
673 1600 764 1638 loca
797 1598 889 1637 aliis
908 1595 1193 1636 conventibus
1213 1594 1443 1643 assignata-2

98 1646 323 1689 circumire
338 1673 351 1694 ,
371 1650 422 1689 ad
438 1650 593 1690 tradita
608 1664 678 1701 per
690 1652 900 1689 Mittheuc.
920 1651 966 1687 de
984 1650 1067 1699 offic.
1086 1645 1281 1687 Cur.Eccl.
1297 1655 1442 1695 cap-43-

96 1712 238 1740 mcma.
256 1703 300 1745 ὠ·
302 1702 383 1752 seq.
402 1726 415 1747 ‚
430 1704 669 1751 Lantusch.in
685 1700 968 1750 Theatr.Regal.
985 1706 1025 1738 in
1031 1701 1210 1749 supplem.
1229 1700 1330 1736 verb.
1349 1697 1444 1734 elee—

94 1751 240 1801 ΜΒΝ
258 1777 271 1797 ,
302 1756 412 1793 Card.
429 1757 475 1791 de
489 1757 590 1792 Luca
605 1757 650 1792 de
666 1754 797 1803 Regul.
816 1755 977 1802 disca&
995 1765 1137 1790 numa.
1156 1775 1169 1794 ‚
1201 1753 1245 1792 ὠ·
1260 1750 1436 1796 vrsaya.)

96 1804 885 1854 dffcept.EccleJ29.num.5.tom.1.‘part.2.‚
903 1807 946 1847 ὡ·
960 1803 1108 1851 disce-pt.
1120 1813 1286 1849 1707154·
1308 1801 1436 1849 &seq-

98 1865 369 1905 tom.3.part.1.
402 1856 587 1905 inspecto
614 1857 866 1906 potiflimum
888 1879 900 1897 ,
928 1854 1038 1905 quod
1065 1854 1305 1892 Conventus
1335 1851 1445 1900 Cap-

97 1909 372 1957 puccinorum
387 1908 483 1947 fitns
517 1910 571 1948 est
596 1909 635 1948 in
664 1908 845 1948 Dioecesi
874 1906 1152 1956 Frequentina
1166 1931 1178 1950 ‚
1211 1906 1248 1944 Sc
1278 1903 1441 1942 Terra-2

98 1959 253 1999 Morrae
269 1969 384 1999 extat
403 1960 442 2000 in
461 1960 864 2001 DioecefiBisacienfi
884 1985 896 2003 ‚
914 1959 1177 2010 quamobrem
1193 1956 1444 1995 arbitrantur

99 2010 334 2051 Reformati
348 2037 362 2056 ‚
386 2013 633 2062 Episcopum
651 2014 688 2052 S.
706 2011 860 2062 Angeli
875 2010 1198 2049 Lombardorum
1217 2034 1231 2053 ‚
1264 2007 1327 2046 uti
1359 2008 1444 2046 Or-

103 2062 313 2104 dinarium
328 2063 600 2105 Bisaciensem
615 2066 833 2113 prohibere
852 2062 1021 2102 valuiffe
1043 2088 1056 2108 ‚
1090 2063 1129 2101 δε
1146 2058 1324 2101 debuiffe
1334 2060 1444 2108 stipis

102 2117 358 2165 petitionem
386 2117 633 2167 alienigenis
667 2141 681 2161 ‚
725 2130 777 2155 ne
808 2115 885 2154 suis
916 2113 1171 2154 Dioecesanis
1213 2111 1444 2161 eriperetur

103 2170 368 2219 eleemosyna
382 2195 396 2215 ‚
426 2179 471 2209 ut
490 2179 608 2209 notat
638 2171 748 2209 card.
767 2171 812 2207 de
829 2171 930 2207 Luca
947 2169 992 2206 de
1008 2164 1143 2216 Regal.
1167 2167 1204 2204 d.
1219 2165 1442 2214 discurJI28.

105 2227 244 2261 num.6.
261 2225 350 2270 &9.
653 2257 655 2260 .
681 2242 683 2244 ·
736 2231 739 2234 ’
839 2240 842 2243 *

55 2273 278 2324 Disputant
295 2283 433 2314 tamen
450 2273 700 2324 Cappnccini
717 2299 736 2320 ‚
748 2282 836 2314 'non
851 2280 1066 2313 recentem
1085 2295 1098 2316 ,
1114 2270 1181 2310 sed
1200 2268 1444 2317 antiquam...

109 2326 187 2367 effe
201 2327 312 2366 suam
326 2325 603 2376 possessionem
620 2326 789 2376 petendi
806 2325 1114 2373 eleemosynam
1131 2323 1171 2361 in
1188 2321 1321 2360 Terra
1331 2319 1446 2359 Mor-

108 2391 162 2418 1·ae
180 2404 194 2425 ‚
213 2380 250 2418 ἃ
265 2391 443 2419 coaevam
462 2379 698 2419 fundationi
714 2379 894 2427 ipsorum
912 2377 1152 2416 Conventus
1167 2376 1347 2424 sequutae
1378 2385 1449 2412 an-

108 2442 163 2470 no
183 2437 299 2475 1582.
314 2445 328 2472 ‚·
359 2435 449 2471 cum
469 2432 674 2471 innumeri
691 2430 777 2471 fere
800 2431 939 2471 Testes
972 2429 1039 2468 vel
1056 2427 1279 2467 examinati
1305 2437 1447 2464 coram

112 2482 399 2524 Gubernatore
413 2484 571 2530 Locali,
591 2485 659 2523 vel
680 2483 720 2522 in
736 2484 883 2528 juratis
904 2480 1221 2531 depositionibus
1236 2478 1448 2527 subscripti

112 2533 318 2575 affirment
336 2562 349 2581 ‚
380 2537 528 2576 nedum
547 2536 650 2586 ipsos
667 2534 811 2575 vidisse
837 2537 884 2573 ab
901 2534 970 2574 usu
990 2532 1161 2572 rationis
1178 2555 1191 2576 ‚
1220 2532 1288 2570 sed
1318 2530 1447 2570 etiam

112 2586 307 2627 audivisse
325 2602 346 2627 a
363 2591 578 2635 majoribus
592 2615 605 2635 ‚
621 2589 690 2638 qui
707 2590 754 2627 ab
768 2588 858 2627 aliis
872 2585 1169 2638 antiquioribus
1185 2583 1446 2626 audiverant,

117 2639 224 2697 quod
241 2639 493 2690 Cappuccini
511 2641 646 2683 Teme
663 2641 842 2691 Jesualdi
857 2641 1015 2693 semper
1030 2637 1322 2678 consueverant
1337 2636 1448 2674 elec-

1350 2700 1440 2726 mo-
