1934 2954
510 137 638 215 Abatur
652 200 666 220 ,
696 179 786 213 tum
802 173 898 223 quia
915 170 1095 210 nondum
1127 182 1267 219 parare
1283 170 1422 224 potuit
1454 169 1650 219 integram
1667 167 1862 225 Dotem-*3³

517 227 670 275 adde-ns
700 235 899 275 praeterea
926 248 939 268 ‚
984 223 1150 263 Sodales
1180 222 1543 262 confraternitatis
1569 222 1636 261 die
1663 236 1723 268 29·
1740 220 1849 276 Juuu

515 280 658 331 petita:
688 276 970 327 prorogationi
993 277 1230 318 consensum
1259 272 1474 324 tiraestitiffe
1491 300 1504 319 ,
1535 275 1747 323 solumque
1774 271 1849 329 dis—⁸

513 332 659 373 sentiri
687 329 832 370 Patres
849 327 1140 367 Praedicatores
1160 354 1172 372 ,
1207 328 1275 366 sed
1291 327 1452 366 istorum
1481 327 1634 372 juribus
1649 324 1852 365 adversari

514 383 620 434 posse
636 383 805 422 literam
824 380 1023 421 Ceflionis
1055 392 1077 418 a
1095 379 1297 418 Sodalitio
1316 391 1396 417 nou
1409 378 1531 418 aliter
1562 378 1677 417 faetae
1694 405 1706 423 ,
1731 378 1773 427 se
1784 389 1850 414 non

516 438 579 474 che
588 445 654 484 per
668 440 750 485 quei
766 431 934 482 Suffidis',
952 435 1014 471 che
1029 445 1202 470 ver-ranno
1220 436 1258 468 in
1275 436 1449 469 avvenire
1463 432 1639 480 estratti,e
1654 431 1717 469 dal
1726 434 1850 479 giorno

516 488 614 526 della
625 487 819 538 prqfiffione
848 486 911 524 del
923 489 1073 525 termine
1102 486 1142 520 di
1160 487 1285 534 cinque
1297 487 1382 520 anni
1411 484 1508 531 afar
1525 483 1584 530 uso
1615 483 1675 520 del
1700 483 1851 536 Suffifi?

503 542 666 591 sortito,
696 548 806 578 itaut
824 537 964 582 ,dubia
978 535 1171 576 reddatur
1200 536 1501 586 comprehensio
1533 536 1650 581 hujus
1682 533 1851 575 Subfidn

516 590 702 642 affignati
720 601 818 631 ante
835 605 856 630 c
869 590 1061 629 effionem
1074 619 1083 629 .
1783 630 1808 642 ι,
1882 622 1885 624 ,

466 639 629 685 luterea
645 645 777 692 lapsus
807 644 858 682 est
872 642 1074 681 terminus
1090 641 1357 694 quinquennii
1375 655 1384 680 :
1413 643 1557 692 absque
1575 655 1624 681 eo
1640 640 1763 692 quod,
1794 645 1853 676 at-

516 705 634 736 tenta
652 695 893 737 eorumdem
913 694 987 733 ΡΡ.
1001 694 1268 742 oppositione,
1285 695 1618 744 prorogationem
1633 703 1848 741 tempor&

516 748 642 788 flabili
675 748 854 797 petitam
880 747 1101 785 Cathariua
1130 746 1361 786 Mai-chetti
1381 747 1559 785 valuerit
1586 747 1806 793 impetrare
1837 770 1850 798 t

517 799 831 841 contendentes
851 809 1068 847 propterea
1085 797 1160 836 ΡΡ.
1180 798 1444 838 Dominicani
1462 809 1605 836 eorum
1619 798 1865 838 Conventur

516 852 655 892 deberi
671 851 988 903 applicationem
1006 849 1184 896 ejusdem
1202 851 1368 890 Suufidii
1384 877 1396 897 2
1414 850 1642 890 defendunt
1658 876 1670 894 ‚
1700 847 1856 888 fastum

521 904 597 944 effe
617 905 756 942 locum
789 903 901 943 illius
929 902 1148 942 reversioni
1171 929 1184 947 ‚
1227 916 1300 942 nec
1328 903 1502 952 amplius
1531 900 1852 951 indulgendam,

499 955 598 1001 'effe
627 956 960 1006 prorogationem
989 955 1029 994 iu
1049 955 1324 1003 praejudicium
1341 956 1440 1001 juris
1460 955 1548 1005 ipfis
1566 954 1717 1006 quaefiti
1738 953 1856 1002 vigo—

518 1022 561 1049 re
576 1008 719 1047 Brevis
737 1007 942 1047 Pontificii
959 1033 970 1052 ‚
1003 1008 1112 1057 quod
1126 1009 1377 1056 generaliter
1408 1009 1580 1057 loquens
1613 1008 1658 1044 de
1673 1006 1849 1054 Subfidiis

518 1061 713 1105 Dotalibus
734 1061 896 1109 reversis,
913 1063 955 1102 εἰ*
972 1061 1197 1097 rto-vertendis
1215 1086 1229 1104 ‚
1245 1059 1536 1112 juxtasuperius
1555 1059 1756 1108 exprejffum,
1773 1071 1853 1095 con-

511 1113 654 1161 sensum
665 1114 860 1161 praestitum
889 1113 932 1148 ab
951 1115 1143 1149 enunciata
1174 1113 1478 1158 Confraternitate
1495 1138 1506 1156 ‚
1539 1111 1846 1151 controversum

521 1175 682 1213 quoque
701 1163 926 1201 Subsidium
957 1163 1305 1210 comprehende-re
1318 1167 1560 1208 authumant
1579 1188 1590 1205 ‚
1607 1176 1683 1201 non
1704 1164 1859 1201 obstan-

521 1217 632 1254 tibus
650 1214 782 1254 dubiis
798 1215 932 1255 verbis
963 1215 1163 1256 Ceflionis
1181 1241 1194 1260 ,
1219 1223 1306 1266 quae
1333 1218 1354 1256 a
1383 1217 1541 1264 septem
1571 1214 1857 1254 Confratribus

523 1268 781 1307 declarantur
801 1267 1018 1307 intellet‘ta
1044 1265 1159 1306 fuiffe
1174 1272 1246 1315 pr'o
1261 1270 1617 1316 comprehensione
1646 1267 1862 1311 omnium

524 1319 811 1365 Subfidiorum‚
830 1331 927 1357 tanto
944 1319 1055 1370 quelli
1072 1322 1120 1356 da
1135 1321 1289 1369 estraeJfi
1299 1321 1473 1367 insutum
1486 1345 1498 1364 ‚
1517 1331 1647 1370 quanto
1660 1321 1717 1368 gli
1734 1320 1856 1370 estrat-

525 1377 555 1410 τὲ
573 1372 637 1409 dal
647 1373 690 1408 di
709 1371 807 1409 della
816 1373 1008 1421 prefiffione
1035 1373 1097 1410 del
1109 1377 1261 1413 termine
1287 1375 1329 1410 di
1346 1375 1432 1412 anni
1463 1377 1591 1423 cinque
1605 1401 1615 1410 .
1646 1372 1686 1411 N
1691 1384 1737 1412 ec
1769 1371 1862 1411 offi-

527 1437 622 1464 cere
653 1424 904 1463 arbitrantur
922 1424 1156 1464 consensum
1173 1423 1537 1464 Confraternitatis
1570 1424 1676 1464 haud
1692 1424 1859 1464 valide-2

529 1476 750 1526 praestitum
780 1480 862 1525 post
883 1477 1152 1517 Subfidiorum
1167 1477 1398 1526 legitimam
1429 1477 1649 1516 ceffionem
1674 1488 1684 1516 ε
1710 1476 1865 1519 minus-

526 1542 605 1580 que
631 1530 822 1568 relevare
851 1530 1070 1578 expositam
1099 1529 1376 1568 deficientiam
1397 1529 1562 1578 integra:
1583 1529 1706 1568 Dotis
1721 1554 1734 1574 ‚
1751 1540 1860 1580 qua-2

524 1594 607 1620 non
626 1581 809 1631 indigere
824 1582 1051 1630 supponunt
1070 1581 1336 1620 Catharinam
1367 1581 1599 1621 Marchetti
1615 1607 1628 1626 ‚
1655 1581 1718 1620 uti
1745 1593 1861 1620 acce-

523 1634 734 1684 ptatamin
755 1634 945 1683 praedit‘to
973 1633 1218 1677 Monasterio
1252 1634 1517 1677 ¹&salvatoris
1544 1646 1615 1684 pro
1630 1634 1858 1681 exercendo

526 1698 696 1726 munere
717 1685 1044 1735 pharmacopolae
1064 1717 1073 1726 .
1548 1686 1553 1690 “

451 1773 455 1783 ,
473 1742 628 1782 Verum
644 1738 841 1789 quidquid
860 1740 907 1777 fit
930 1738 982 1778 de
997 1739 1178 1780 efficacia
1194 1742 1349 1780 statutae
1373 1740 1611 1780 reverfionis
1639 1741 1722 1788 post
1743 1739 1865 1790 quin-

526 1791 748 1843 quennium
766 1804 787 1829 a
801 1790 1013 1830 Testatore
1043 1805 1120 1831 nou
1138 1794 1369 1842 prascriptae
1384 1817 1396 1836 ‚
1426 1793 1508 1832 five
1532 1793 1582 1831 de
1612 1793 1860 1841 interpreta-

524 1846 639 1884 tione
654 1842 850 1883 Ceffionis
868 1869 880 1887 ‚
912 1846 950 1883 &
967 1843 1017 1883 de
1033 1846 1265 1884 relevantia
1285 1845 1469 1885 Testium
1484 1870 1496 1889 ‚
1526 1854 1598 1883 aut
1622 1844 1762 1884 Brevis
1794 1855 1863 1883 ex-

524 1895 832 1946 prefferelativi
859 1897 908 1935 ad
925 1896 1049 1945 ipsam
1064 1896 1294 1937 Ceffionem
1308 1912 1323 1938 ,-
1351 1897 1764 1937 animadvertendum
1780 1895 1864 1945 pria

520 1963 591 1990 mo
607 1951 660 1988 est
676 1975 689 1993 ‚
721 1948 827 1998 quod
858 1949 897 1987 in
913 1948 1061 1988 eodem
1077 1949 1198 1991 Brevi
1223 1950 1272 1989 ad
1299 1952 1468 1990 Patrum
1503 1949 1860 1998 simplicantium„

524 2001 777 2040 narrativam
804 2001 1017 2050 exponitur
1031 2028 1043 2047 ‚
1074 2001 1169 2042 ideo
1185 2004 1382 2043 statutum
1397 2001 1511 2043 fuisse
1527 2029 1539 2048 ,
1557 2002 1712 2041 Puellis
1733 2009 1862 2040 extra-

525 2054 600 2092 &is
637 2053 685 2092 ad
703 2052 934 2098 hujusmodi
949 2053 1153 2099 Subsidia,
1184 2056 1409 2094 terminum
1426 2055 1696 2106 quinquennii
1723 2053 1772 2093 ad
1803 2053 1863 2091 as-

525 2105 767 2144 sumendum
785 2107 933 2145 statum
946 2105 1220 2145 Monastieum
1236 2131 1250 2151 ‚
1281 2109 1376 2158 quia
1396 2109 1637 2158 plerumque
1655 2105 1863 2148 Subfidia.)

523 2157 813 2196 obtinebantur
846 2170 867 2196 a
883 2157 1036 2198 Puellis
1053 2160 1302 2207 propositum
1332 2160 1557 2209 Religionis
1585 2173 1663 2199 non
1682 2157 1868 2199 habenti-

523 2211 594 2248 bus
612 2233 625 2253 ,
656 2222 741 2259 quae
759 2210 880 2259 usque
895 2209 944 2247 ad
961 2210 1215 2252 seneftutem
1231 2238 1244 2258 ,
1279 2212 1541 2257 &interdum
1572 2213 1696 2262 usque
1711 2209 1761 2249 ad
1775 2209 1865 2248 obi-

523 2271 615 2300 tum
636 2261 707 2300 illa
726 2261 934 2301 inutiliter
956 2262 1218 2302 retinebant:
1246 2264 1299 2302 Et
1314 2264 1491 2304 secundo
1507 2289 1521 2309 ‚
1538 2264 1644 2314 quod
1659 2263 1699 2301 in
1713 2261 1864 2302 eodem

523 2314 645 2354 Brevi
658 2326 732 2358 vro
745 2313 872 2353 Causa
888 2313 1055 2354 indultae
1070 2314 1256 2355 ceffionis
1272 2317 1528 2365 exprimitur,
1547 2315 1706 2355 Puellas
1734 2313 1782 2354 ad
1797 2315 1863 2353 vi-

524 2376 610 2405 tam
635 2366 901 2408 Monasticam
930 2378 1012 2404 non
1041 2375 1220 2408 vocatas.
1247 2369 1492 2409 consuevisse
1518 2393 1531 2412 ‚
1567 2368 1648 2416 post
1676 2366 1863 2406 editam„

526 2418 795 2469 quinquennii
813 2420 950 2467 legem
968 2444 980 2463 ‚
1009 2419 1179 2458 obtenta
1196 2417 1373 2460 Subfidia
1399 2420 1449 2461 de
1465 2418 1656 2460 consensu
1687 2417 1863 2458 Confra-

524 2471 738 2509 ternitatis
762 2470 1000 2510 renunciare
1030 2471 1122 2510 aliis
1143 2470 1299 2511 Puellis
1317 2499 1330 2518 ,
1359 2484 1430 2521 per
1446 2471 1661 2524 quamdam
1679 2471 1862 2518 speciem

524 2522 817 2566 mercimonii,
846 2532 1014 2572 recepta
1045 2524 1183 2574 aliqua
1198 2523 1355 2566 summa
1374 2551 1386 2571 ,
1424 2535 1546 2573 quamv
1567 2523 1662 2562 inde
1692 2524 1758 2563 vel
1789 2535 1863 2572 pro

525 2575 804 2620 contrahendo
820 2575 1088 2617 matrimonio
1103 2602 1116 2621 ‚
1141 2577 1208 2615 vel
1225 2590 1298 2625 pro
1330 2588 1468 2616 earum
1483 2583 1626 2615 ornatu
1639 2585 1781 2615 contra
1806 2573 1865 2624 pii

525 2624 747 2681 Testatoris
765 2636 949 2666 mentem
977 2627 1289 2677 impendebant.
1322 2629 1544 2677 Utriusque
1569 2636 1709 2667 tamen
1725 2628 1865 2668 Causae

522 2677 684 2715 obicem
712 2677 867 2734 elidere
885 2679 1053 2719 videtur
1086 2679 1307 2721 Catharina
1323 2679 1579 2724 Marenem,
1606 2684 1727 2730 quum
1750 2681 1866 2726 juxta

507 2729 803 2812 ‘tes-timonium
831 2729 1017 2780 Episcopi
1049 2733 1297 2780 propofitum
1324 2733 1457 2772 servet
1496 2730 1861 2820 ingrediendiPRe-

523 2793 720 2832 „igionem
734 2811 744 2824 2
1793 2792 1865 2820 on-
