1934 2954
478 84 555 125 136

476 129 670 174 Nuncius
696 140 711 171 ‚¹
754 130 792 170 ὃ(
842 129 1045 178 propofita
1078 128 1209 168 Causa
1240 140 1312 177 per
1356 126 1574 170 summaria
1615 129 1817 180 precum-T

476 187 545 227 die
575 190 637 226 28.
670 182 849 233 Januarii
883 188 997 226 1758.
1030 209 1042 228 ‚
1088 181 1245 231 prodiit
1278 182 1520 232 rescriptum
1564 198 1593 220 ε
1633 183 1769 224 Dilata
1800 207 1817 227 ,

475 239 841 288 &transmittantur
874 239 1009 274 Literae
1039 246 1116 272 tam
1146 237 1342 274 Orclinarit'
1359 260 1372 279 ‚
1398 240 1503 284 quam
1527 235 1812 287 Metropolitani

474 303 542 346 per
554 305 680 330 manus
698 304 754 330 :3
782 298 907 339 atque
926 289 993 327 die
1014 295 1074 328 18.
1093 288 1299 327 Februarii
1328 287 1512 332 ejusdem
1536 291 1631 333 anni
1662 289 1812 328 rescri-

478 355 601 396 ptum
620 343 701 382 fuit
729 359 756 380 z:
787 344 955 386 Leci‘um,
989 344 1031 385 ’ξφ
1058 351 1187 378 utatur
1206 340 1295 394 jure
1314 340 1384 388 suo
1414 354 1531 378 coram
1561 341 1815 392 Metropolita-

477 412 566 438 no:
586 427 595 436 .
626 395 1008 444 Metropolitanum
1042 393 1182 444 itaque
1216 392 1351 431 adivit
1389 392 1582 433 Serranus
1611 406 1682 442 per
1711 393 1814 433 Pro-

484 459 750 494 curatorem,
781 447 849 498 qui
882 455 1046 485 narrata
1077 444 1284 485 processus
1315 445 1456 493 primae
1475 445 1669 486 instantiae
1699 446 1823 486 amis-

478 505 588 552 fione
610 526 623 545 ‚
652 501 777 540 fidem
796 499 975 539 extraxit
991 501 1176 538 afrorum
1193 498 1232 536 in
1250 498 1375 538 Curia
1390 499 1721 548 Metropolitana
1745 512 1821 549 ge-

432 568 441 574 *
485 558 662 600 storum,
693 554 733 593 in
751 565 828 604 qua
844 551 1099 602 caeteroquiu
1116 550 1261 591 asserta
1279 549 1488 591 processus
1524 550 1683 592 amiffio
1716 549 1826 595 haud

482 608 730 649 enunciatur
746 637 755 649 .
791 606 943 645 Putans
974 603 1245 643 nihilominus
1266 604 1461 644 Serranus
1477 630 1490 650 ,
1510 604 1684 644 decreto
1702 605 1825 652 hujus

485 662 614 702 Sacrae
646 657 994 709 (Congregationis
1033 655 1363 706 obteniperaffe‚
1392 666 1513 707 urget
1540 669 1645 701 nunc
1675 668 1820 706 propo-

484 714 678 753 fitionem
703 711 870 751 Causaes
898 710 1022 750 atilli
1040 711 1078 748 se
1098 718 1310 759 opponunt
1326 710 1473 750 Petrus
1488 710 1615 750 Sodos
1637 736 1650 756 ‚
1688 710 1727 749 ὃς
1759 708 1826 758 Ja-

488 769 617 806 cobus
650 764 845 807 Escriche
866 790 878 807 ‚
905 762 1287 812 quidescendentes
1320 764 1359 802 ὃς
1391 763 1460 812 ipsl
1491 775 1512 801 a
1539 762 1714 802 Familia
1748 760 1826 801 Ba-

485 830 622 868 gueua
649 817 804 863 paffive
832 824 980 853 vocata
1000 840 1012 860 ,
1042 824 1171 864 atque
1187 814 1420 862 praesentati
1448 827 1469 854 a
1503 816 1692 856 Patronis
1713 839 1727 859 ‚
1755 813 1830 855 Be-

488 870 685 910 neficium
715 868 993 915 impetrarunt
1026 866 1047 906 a
1063 866 1234 906 Dataria
1247 867 1389 918 vigore
1406 867 1726 919 presentationis
1745 892 1760 913 ‚
1776 879 1827 907 ac

486 923 575 968 jure
592 919 880 959 devolutionis
902 949 911 959 .

440 971 1263 1024 1)Mputantauten1dhsti()ppofitores,
1295 972 1822 1019 idoneunijudicandunts

491 1039 575 1067 nou
608 1022 686 1065 esse
721 1024 994 1064 Dominicum
1027 1024 1200 1064 Serrano
1229 1051 1242 1070 ‚
1271 1025 1320 1063 ad
1353 1024 1545 1065 effet‘tum
1586 1024 1820 1077 assequendi

495 1078 814 1119 controversum
858 1077 1113 1116 Beneficium
1145 1103 1157 1122 ‚
1203 1089 1250 1116 cx
1291 1077 1425 1128 gratia
1464 1088 1530 1128 pro
1566 1079 1779 1128 presentato
1807 1101 1827 1124 ‚

490 1135 537 1177 ἐς·
553 1133 660 1170 unice
679 1130 888 1181 qualificato
906 1154 918 1173 ,
951 1132 1066 1176 juxta
1083 1129 1258 1169 formam
1276 1130 1470 1179 propositi
1500 1130 1626 1170 Dubii
1651 1144 1666 1171 2·
1698 1131 1827 1182 quia..)

490 1186 621 1225 obstat
651 1183 872 1222 Sententia
902 1182 1034 1222 Curiae
1055 1183 1306 1232 Episcopalis
1339 1182 1574 1223 Terulenfis
1605 1183 1832 1225 inhabilem

493 1250 592 1278 eum
621 1236 864 1281 declarans,
901 1249 923 1274 a
951 1249 1028 1286 qua
1059 1235 1161 1275 licet
1190 1236 1272 1285 ipse
1299 1236 1608 1286 appellaverit,
1640 1237 1829 1287 appella-

492 1291 658 1330 tionem
685 1297 827 1328 tamen
857 1289 1127 1338 prosequutus
1169 1300 1249 1327 non
1283 1290 1336 1328 est
1363 1313 1377 1332 ,
1409 1288 1626 1340 minusque
1657 1302 1830 1329 revoca-

494 1344 659 1384 tionen1
693 1341 920 1380 obtinuu23
947 1350 1198 1391 quapropter
1234 1353 1310 1381 nec
1339 1342 1470 1391 potest
1499 1353 1545 1381 ex
1574 1341 1737 1392 integro
1770 1354 1836 1382 re-

497 1398 674 1436 staurare
707 1394 749 1432 in
791 1395 868 1431 hac
903 1393 1023 1432 Sacra
1052 1392 1384 1444 Congregatione
1414 1394 1674 1444 quaestionem
1703 1394 1833 1435 semel

499 1447 680 1488 decisam
698 1447 745 1485 ab
761 1445 1015 1489 Ordinar10‚
1045 1447 1082 1485 δε
1112 1446 1151 1484 in
1166 1447 1291 1496 gradu
1326 1446 1619 1496 appellationis
1650 1447 1838 1496 penden-

501 1510 594 1542 tem
611 1511 751 1538 coram
781 1498 1146 1546 Metropolitano:
1177 1512 1251 1538 nec
1273 1500 1314 1538 in
1345 1511 1390 1538 ea
1407 1499 1594 1551 prosequi
1624 1500 1740 1538 valet
1763 1510 1837 1548 ap-

498 1552 779 1606 pellationem
809 1577 821 1597 ,
850 1552 933 1591 fine
965 1552 1315 1600 transportatione
1349 1552 1534 1590 adstorum
1559 1575 1572 1596 ‚
1614 1553 1732 1596 cujus
1765 1562 1840 1590 ne-

499 1606 663 1647 ceffitas
698 1603 805 1642 haud
843 1603 1079 1642 excluditur
1103 1605 1153 1643 ob
1182 1603 1438 1643 amiffionem
1465 1601 1668 1651 processus
1696 1603 1838 1651 primae

498 1657 698 1699 instanti-<e
728 1682 742 1702 ‚
773 1669 857 1707 quae
883 1655 1070 1696 afferitur
1106 1655 1275 1708 quidem
1304 1668 1327 1696 a
1352 1655 1577 1701 Dominico
1608 1656 1785 1696 Serrano
1816 1680 1835 1702 ‚

502 1711 573 1752 sed
595 1722 675 1749 non
690 1710 882 1757 probatur
900 1739 911 1748 .

451 1771 660 1816 Praeterea
690 1761 980 1805 contendunt,
1009 1762 1207 1806 justitiam
1236 1761 1461 1801 Sententiae
1491 1761 1650 1810 semper
1679 1760 1831 1810 praesu-

508 1816 704 1858 mendam
721 1811 826 1856 effe,
855 1814 1066 1864 quousque
1097 1826 1145 1853 ex
1166 1816 1350 1853 aetorum
1382 1812 1639 1853 exhibitione
1666 1822 1835 1853 contra-

503 1871 615 1912 rhnn
644 1866 922 1910 ostendatur,
954 1880 999 1905 ac
1036 1865 1197 1916 huhper
1232 1863 1837 1907 eanixnanffestanireddiex

504 1919 792 1963 monumentis
845 1918 885 1957 in
928 1918 1054 1959 Curia
1093 1919 1324 1967 Episcopali
1367 1918 1557 1958 colleftis
1592 1920 1836 1960 occasione.»

504 1972 672 2017 cdendae
685 1971 902 2012 relationis
916 1972 964 2011 ad
982 1973 1085 2011 hanc
1117 1972 1282 2011 Sacram
1308 1971 1718 2022 Congregationem,
1748 1972 1841 2024 qui·-

504 2032 579 2069 bus
596 2026 748 2066 constat
765 2050 778 2070 ‚
796 2025 1066 2064 Dominicum
1098 2025 1318 2064 Serranum
1345 2035 1425 2063 non
1455 2023 1496 2063 in
1529 2025 1742 2073 pueritia,
1771 2023 1842 2065 sed

504 2083 553 2122 in
585 2087 709 2119 aetate
739 2078 893 2118 adultae
912 2077 1031 2118 unius
1060 2102 1072 2121 ‚
1102 2079 1140 2118 8<
1167 2077 1319 2127 viginti
1351 2087 1550 2116 annorum
1582 2104 1596 2125 ,
1639 2079 1738 2118 dum
1766 2089 1842 2118 an-

506 2146 562 2172 no
583 2145 700 2180 1734,
715 2130 856 2170 studiis
887 2131 1055 2171 vacabat
1088 2131 1128 2170 in
1156 2130 1375 2170 Conventu
1409 2128 1491 2170 PP.
1518 2129 1836 2170 predicatorum

512 2185 716 2226 Civitatis
745 2183 978 2224 Terulenfis
997 2211 1009 2230 ,
1038 2183 1230 2224 horrendi
1255 2182 1442 2229 criminis
1476 2195 1596 2223 reum
1628 2182 1848 2226 effectum.»

513 2236 593 2278 esse
611 2261 626 2282 ,
644 2237 695 2276 ob
710 2236 993 2276 haereticalem
1009 2236 1303 2285 blasphemiam
1321 2235 1362 2275 in
1392 2236 1561 2276 Beatam
1591 2237 1808 2287 Virginem
1823 2255 1842 2279 o

510 2291 619 2332 &ob
635 2298 924 2338 contemptum
953 2291 1089 2329 statuae
1122 2290 1160 2329 S.
1181 2289 1479 2337 Raymundide
1512 2287 1733 2329 Pcnnafort
1758 2297 1849 2327 nour
1881 2324 1886 2326 γ

508 2346 594 2384 fine
626 2341 869 2383 vehementi
898 2343 1056 2381 haerefis
1089 2340 1317 2391 suspicione
1348 2340 1547 2390 lapidibus
1592 2339 1790 2390 impetita:
1820 2360 1841 2384 9

516 2408 618 2437 cum
635 2394 824 2435 scandalo
843 2419 856 2438 ‚
885 2395 923 2434 δεῖ
940 2393 1161 2435 offenfione
1186 2395 1418 2434 multorum
1445 2394 1711 2436 adstantium,
1736 2392 1843 2432 alio·

513 2460 692 2500 rumque
711 2473 724 2492 ‚
756 2446 806 2486 ad
826 2446 1052 2500 quosfarna
1066 2448 1231 2487 sceleris
1262 2447 1484 2497 pervenit,
1513 2458 1640 2496 eaque
1672 2453 1844 2495 propter

515 2500 753 2542 carceribus
774 2500 1057 2550 mancipatum
1087 2512 1109 2539 a
1141 2500 1265 2540 Curia
1290 2499 1552 2548 Episcopali‚
1583 2497 1848 2538 traduecum

517 2551 637 2593 fuisse
667 2552 719 2591 ad
750 2552 949 2592 Carceres
983 2553 1266 2598 Inouifitionis
1294 2551 1499 2593 Valentia:
1525 2574 1539 2594 ‚
1580 2549 1755 2601 indeque
1785 2550 1847 2590 di-

519 2603 713 2648 missum,
742 2606 824 2649 fine
854 2614 969 2650 certa
987 2605 1142 2647 notitia
1173 2606 1305 2648 exitus
1335 2603 1471 2646 Causa:
1499 2613 1509 2639 t
1539 2613 1704 2653 pravam
1738 2603 1849 2651 insu·-

1747 2666 1848 2706 per,
