1934 2954
415 144 1219 191 CONCL.USI.ONUM.

92 230 190 258 darum
203 225 347 263 separanda
364 225 400 255 ab
411 226 507 262 Episco
528 238 545 256 o
564 229 658 265 vigore
678 227 726 258 ses.
751 240 793 258 21.

91 275 149 298 cap.
167 275 187 297 ς.
200 287 208 297 ,
227 273 290 292 cum
301 262 482 297 applicatione
510 264 681 292 allentiaium
700 263 797 294 favore

92 298 300 328 iuret-essentium
305 308 368 334 pag.
383 310 424 337 97.
439 300 463 330 §.
478 298 623 335 Episcopus
637 322 643 327 .

97 352 102 357 ·
126 332 218 363 Potest
228 334 312 362 ctiam
325 334 469 368 Episcopus
481 336 578 369 vigore
586 333 645 363 sess:
658 345 698 363 22.
713 345 798 371 cap.3.

92 368 212 404 separare
247 369 355 396 reniam
391 378 495 403 partein
518 369 655 398 fruti-uum
678 370 804 406 dignita-.

92 413 150 432 tum
158 413 207 439 pro
220 402 455 432 distributionibus
495 414 556 433 cum
565 405 745 443 applicatione
753 404 799 434 fal-

1500 158 1582 196 261

866 232 1038 258 Sacramenta
1060 230 1234 259 Eucliaristiae
1247 254 1254 265 ‚
1274 235 1300 259 &
1325 242 1451 263 extremte
1463 236 1585 264 Uncho-

868 267 909 293 nis
923 286 929 292 .
947 277 1011 303 pag.
1029 269 1068 298 58.
1085 267 1108 297 ς’.
1125 265 1212 294 VIII.

835 299 981 335 Episcopus
995 299 1034 329 est
1046 301 1210 329 Ordiiiatius
1234 301 1349 329 collator
1363 305 1492 333 omnium
1506 306 1588 336 bene-

871 334 997 364 ficiorum
1012 334 1063 375 sua:
1079 335 1216 370 Dioecefis,
1231 335 1344 377 seposito
1357 340 1505 376 privilegio
1517 363 1526 374 ,
1541 343 1586 370 vel

871 370 1066 442 550¹}szilft.²²d¹ne
1078 369 1175 399 favore
1188 370 1342 400 Inferioris.
1359 384 1469 412 pag.49.
1485 377 1508 408 ς’,
1520 377 1586 413 Epi.

90 438 234 468 lcntiatum
246 438 363 468 Fabricae
375 440 452 468 Eccle
465 449 504 472 iae,
515 440 558 468 vel
570 440 658 469 usibus
671 441 731 475 piis.
742 440 798 469 Ibi-
835 437 961 476 Episcopi
972 441 1119 470 austeritas
1131 440 1256 477 requisita
1269 444 1296 470 in
1305 441 1410 471 statutis
1422 445 1587 479 Capitulari-

92 475 150 504 dem
161 495 168 501 .

125 508 213 575 Qbuod
235 510 357 544 procedit
376 510 467 545 quoad
489 512 643 547 Dignitatcs
655 534 664 545 ‚
683 521 799 545 quarum

89 546 144 608 ἕξω
166 543 236 572 enda
250 545 399 574 constituta
411 557 467 574 non
479 545 518 574 cst
539 557 571 574 ex
579 546 658 574 bonis
671 545 799 579 Ecclefiae,

123 582 192 609 idem
201 602 207 608 .

126 614 283 645 Concilium
294 625 385 644 tamen
408 617 436 644 in
447 617 492 645 dd.
505 616 572 645 locis
591 626 647 644 non
660 616 803 652 derogavit

90 650 147 688 legi
171 650 341 680 fundationis
359 654 599 684 canonicatuum,
618 660 665 679 aut
686 651 805 687 dignita-

92 695 151 715 tum
167 709 172 715 .
190 697 254 723 pag.
269 698 311 720 97-
321 687 344 719 §.
359 686 394 715 Iri
401 686 548 724 vificatione
560 708 566 714 .
607 721 612 725 ῃ
708 698 710 701 >

59 723 227 750 Donatarius
239 720 302 754 sibi,
323 732 356 750 an
369 720 522 750 haereditati
535 729 657 756 acquirat
668 720 742 750 bona
754 720 807 750 lia:-

91 754 321 791 rcditariavspolii
345 759 402 792 jure
426 765 557 791 occupata
578 763 626 790 per
637 758 784 785 Cameram
796 779 806 790 ‚

92 798 118 821 δε
132 793 211 820 ritulo
223 792 430 828 compositionis
451 792 542 820 eidem
554 789 624 819 cessa
636 793 650 820 Ξ
666 803 731 830 pag.
747 803 806 826 115.

93 829 116 860 §.
132 828 292 861 Contendit,
311 826 375 863 &fi
394 848 400 854 .

57 863 172 892 notaria
183 861 299 901 subsidia
313 883 321 891 .
340 838 409 892 vifie
420 860 538 899 δῶρά-α
550 861 653 898 dotalia
664 884 675 892 ..

403 931 507 1003 E„

113 1024 219 1068 Cclesiae
241 1038 314 1068 bona
338 1038 449 1067 concedi
462 1048 496 1067 an
507 1038 625 1067 debeant
643 1040 671 1067 in
683 1038 734 1067 Em
754 1039 804 1074 hy-

129 1074 232 1110 teufim,
243 1074 414 1103 dissentiente
427 1076 563 1102 Patrono?
572 1081 702 1113 pagam.
710 1050 802 1108 §.lists

92 1109 192 1138 Terras
205 1108 287 1147 &stq-
329 1129 331 1132 ι

52 1144 168 1173 Ecclesia
180 1143 349 1173 Cathedtalis
364 1166 369 1172 .
389 1143 458 1173 Vide
471 1144 641 1173 cathedralis
655 1166 661 1172 .

54 1178 174 1208 Ecclesiis
187 1178 433 1214 Hirosolymitanae
444 1179 614 1208 commendae
627 1179 803 1209 inservientes

89 1214 189 1243 Clerici
202 1238 210 1250 ‚
228 1214 274 1243 vel
298 1213 451 1249 Presbyteri
476 1225 531 1243 non
544 1214 664 1251 gaudent
687 1216 801 1244 Ordinis

89 1250 399 1284 militaris-exemptione
412 1273 420 1284 ,
444 1249 492 1278 nisi
505 1250 574 1279 ultra
582 1250 686 1278 aeiuale
692 1249 801 1279 serviti-

89 1295 137 1313 um
150 1309 158 1320 ,
172 1285 302 1314 resideant
314 1287 386 1313 intra
399 1283 526 1319 claustra,
546 1289 572 1313 δε
585 1283 718 1318 superiori
729 1295 807 1322 regu-

91 1320 140 1348 lari
156 1320 289 1349 obediant·
295 1331 332 1356 pa
353 1341 359 1348 .
373 1331 398 1348 2.
414 1321 436 1352 §.
447 1318 640 1355 Obto’ncfflm
652 1341 659 1348 .

57 1355 169 1383 Ecclesia
182 1356 330 1384 indecentis
348 1365 432 1383 ormae
445 1378 453 1388 ‚
472 1363 653 1390 quaeiiequeat
662 1353 697 1383 ad
709 1353 804 1382 decen-

89 1392 157 1419 tiam
169 1389 273 1419 restitui
285 1413 293 1425 ‚
317 1389 488 1425 profananda
500 1387 539 1417 est
556 1400 621 1428 pag,
635 1394 694 1418 160.
709 1390 732 1421 §.
745 1388 804 1417 His

90 1435 152 1460 erqo
165 1450 172 1460 ,
193 1424 264 1461 &pa
284 1446 291 1453 .
304 1436 363 1458 230.
375 1427 399 1457 §.
414 1424 548 1452 Firmana
561 1422 644 1465 &stiffi
753 1437 755 1441 ·
791 1438 802 1439 ‘⁷

54 1460 170 1489 Ecclesia
183 1463 266 1489 Paroc
275 1462 346 1489 iialis
359 1482 366 1488 .
386 1459 456 1489 Vide
469 1459 644 1487 Parocluahs
666 1459 781 1498 Ecclesia
794 1482 801 1489 .

53 1495 172 1524 Ecclesiae
190 1497 336 1530 receptitiae
355 1495 544 1530 participantes
567 1503 602 1522 aii
614 1495 734 1532 gaudere
757 1495 802 1523 de-

94 1531 175 1572 beant
185 1531 295 1561 lndulto
306 1529 480 1561 Jubilatianis
493 1551 500 1558 .
517 1539 646 1570 pagam.
658 1531 681 1563 ξ.
698 1530 731 1560 V
726 1529 801 1559 alen-

91 1575 148 1595 tma
160 1587 167 1594 .

55 1600 244 1637 Eniphyteusis
267 1600 464 1634 Ecclesiastica,
483 1600 575 1636 quoad
586 1600 684 1641 pradia
705 1599 805 1640 Subur-

91 1636 162 1665 bana
171 1638 284 1672 requirit
295 1636 461 1673 penfioncm‚'
469 1647 527 1671 quae
537 1637 565 1664 vi
589 1638 639 1664 inti
651 1646 728 1666 anuis
736 1636 805 1665 ada:-

93 1681 157 1707 quet
169 1673 206 1701 rei
218 1673 342 1702 valorem
355 1694 362 1702 .
378 1684 441 1713 pag.
457 1673 549 1704 206.§.
595 1681 638 1700 ata
655 1693 660 1699 .
786 1708 791 1712 .

129 1707 302 1744 Regulatiter
315 1717 408 1736 tamen
421 1719 449 1736 in
461 1705 636 1742 Emphyteusi
645 1705 806 1736 Ecclesiasti-

93 1751 125 1771 ca
134 1741 285 1771 detrahitur
297 1741 370 1771 sexta
381 1753 443 1778 pars
455 1752 472 1771 a
481 1742 609 1773 consueta
617 1743 656 1771 rei
668 1741 803 1777 pensione.

91 1789 126 1814 pa
147 1783 220 1807 .206.
236 1779 258 1810 §.
273 1778 375 1806 Orator
388 1800 393 1805 .

59 1814 129 1847 Emis
151 1811 246 1847 yteusis
264 1813 336 1841 cedi:
357 1814 384 1841 in
396 1811 552 1842 evidentem
565 1811 686 1851 Ecclesiae
697 1812 803 1840 utilita-

94 1858 166 1882 tem,
185 1847 202 1875 fi
213 1848 376 1876 concedatur
395 1858 445 1883 pro
458 1846 585 1876 consuetu
607 1857 646 1875 rei
656 1846 780 1881 pensione
792 1871 802 1881 ,

92 1894 150 1912 non
168 1881 299 1912 subducta
321 1882 395 1912 sexta
418 1893 493 1918 parte
508 1904 514 1910 .
530 1894 594 1920 pag.
609 1888 668 1910 206.
692 1883 716 1914 §.
731 1882 802 1910 Ora-

95 1928 138 1947 ιον
152 1939 158 1945 .

133 1955 168 1982 Et
178 1952 334 1981 evidentior
356 1952 387 1981 fit
400 1953 502 1982 utilitas
513 1951 632 1981 Ecclesiae
644 1974 653 1985 ,
672 1951 691 1980 si
710 1951 804 1981 oblata

96 1987 177 2017 fiieiit
186 1987 277 2023 pensio
290 1989 379 2022 maior
390 1987 517 2016 consueta
529 2010 536 2015 .
568 1998 638 2020 .207.
650 1988 673 2019 §.
687 1987 785 2024 Magis
800 2009 806 2015 .

132 2026 252 2060 Augetur
264 2032 372 2057 quoque
385 2022 486 2051 utilitas
498 2024 548 2050 Ecc
562 2021 617 2050 esiae
630 2045 638 2056 ,
657 2024 675 2049 si
686 2021 808 2056 Einphy-

97 2067 172 2087 teuta
186 2060 213 2086 iu
226 2057 251 2086 se
265 2056 380 2086 assumat
394 2057 544 2092 periculum
553 2057 806 2095 damnorumpqui-

95 2093 146 2122 bus
153 2093 272 2128 subjacet
294 2092 424 2127 praedium
438 2115 444 2125 ‚
465 2095 491 2119 ὅ(
503 2101 571 2120 onus
581 2089 804 2125 conservationis,

93 2139 175 2164 atque
187 2128 364 2164 reparationis
376 2125 564 2155 AEdificiotum
589 2127 616 2153 in
624 2135 657 2153 eo
669 2123 808 2153 existenti-

96 2173 145 2193 um
160 2186 166 2193 .
182 2176 246 2201 pag.
263 2169 322 2192 206.
334 2164 356 2195 §.
371 2162 488 2190 Orator.
760 2195 765 2200 .

130 2196 224 2235 Atque‘
232 2197 331 2228 offerat
342 2221 350 2232 ‚
370 2207 472 2225 certam
484 2197 664 2234 pecuniarum
672 2204 808 2230 quantita-

96 2243 154 2263 tem
165 2244 276 2271 erogare
304 2234 331 2261 in
345 2233 564 2261 meliorationem
587 2230 678 2265 praedii
691 2229 806 2266 emphy-

70 2283 71 2289 ¹
97 2271 190 2299 teutici
199 2280 263 2308 pag.
273 2279 332 2301 207.
346 2269 368 2300 §.
378 2267 500 2308 *Magi-s.
532 2288 537 2307 ‚¹
729 2300 734 2305 .

103 2322 107 2326 -
130 2307 250 2334 Ratione
258 2314 324 2332 vero
337 2303 416 2337 liuius
427 2303 553 2330 utilitatis
563 2311 596 2329 au
610 2299 640 2328 sit
650 2310 806 2339 permitten-

97 2338 134 2368 (la
146 2337 333 2375 Empnyteuiis
357 2338 496 2366 bonorum
518 2335 635 2364 Ecclesia:
649 2338 744 2375 favore
758 2338 807 2363 Pa-

96 2376 170 2403 troni
189 2375 224 2404 ad
236 2373 392 2403 instantiam
404 2371 556 2400 beneficiati
580 2373 636 2405 eius
649 2371 725 2405 Filii,
751 2381 807 2399 non

96 2409 222 2440 obstante
235 2407 348 2439 dissensu
360 2408 476 2436 :iliorum
490 2409 670 2434 Patronorum
682 2430 690 2441 ‚
709 2410 735 2435 &
746 2417 807 2440 pro-

95 2443 226 2474 bibitione
237 2444 342 2479 Synodi
356 2442 523 2472 Dioecesanae
537 2465 545 2476 ‚
561 2448 690 2478 pag.206.
703 2443 727 2474 §.
740 2440 807 2470 Has

100 2487 183 2510 terras
197 2505 205 2515 ⁵
223 2480 248 2510 ἃ
259 2480 315 2517 Ιὲη·
371 2514 375 2519 ,
424 2514 428 2517 ,
502 2512 506 2517 ,
558 2512 562 2515 ,
765 2512 770 2516 .

133 2514 209 2552 Quid
220 2539 228 2550 ‚
237 2515 255 2544 si
268 2518 390 2544 Patronis
402 2510 615 2541 dissentientibus
627 2510 731 2539 deturo
752 2521 802 2544 tio,

98 2558 129 2578 ut
152 2551 171 2580 fi
199 2551 296 2579 malint
334 2549 381 2584 ipsi
409 2549 542 2582 accipiant
572 2545 707 2581 Emphyte
749 2557 776 2574 iri
791 2549 805 2575 ἓ

96 2595 159 2621 pag.
168 2596 227 2618 207.
242 2587 265 2618 §.
278 2574 369 2622 leque
384 2606 390 2611 .

134 2623 264 2650 Patronus
275 2619 362 2654 potest
373 2618 545 2658 seqopponere
559 2641 566 2651 ,
586 2627 619 2645 ne
631 2616 706 2645 bona
717 2616 808 2645 Eccle-

100 2653 141 2685 fiae
152 2654 307 2690 dissipentur
319 2664 381 2690 ,aut
391 2657 445 2682 line
457 2654 537 2682 causa
549 2650 740 2681 distrahantur.
755 2651 809 2680 Ibi-

100 2700 115 2717 a
171 2713 177 2720 .

66 2702 199 2762 Epifgipo
221 2726 360 2763 aegrotanti
386 2723 511 2760 aquibus
533 2722 581 2752 sint
594 2722 805 2754 administranda

871 475 919 504 bus
931 477 1033 511 plenius
1047 476 1181 512 suppletur
1193 488 1225 505 cx
1240 476 1376 506 reservata
1388 502 1396 513 ‚
1405 482 1432 507 δε
1445 478 1587 514 superven-

871 520 899 539 ta
911 511 1120 541 confirmatione
1131 512 1290 547 Apostolica
1303 535 1308 542 .
1324 525 1388 551 pag.
1404 520 1442 543 16.
1464 516 1488 547 §.
1498 515 1588 544 Dera-

839 557 985 617 Ep'izsccsopus
1008 584 1047 616 ius
1060 593 1115 610 non
1126 581 1210 612 habet
1223 583 1395 613 convocandi
1408 585 1566 620 Capitulum
1579 592 1589 615 .”

869 628 908 653 pa
928 639 934 645 .
948 619 1023 650 16.‘§.
1037 617 1168 646 Decimus
1178 641 1185 646 .

839 629 987 687 Episcgopus
999 651 1038 681 est
1047 652 1163 688 Sponsus
1176 653 1294 682 Ecclesiae
1305 653 1475 683 Cathcdialis
1489 678 1495 684 .
1504 667 1532 693 p.
1543 667 1587 691 74.

843 687 1003 757 Episgipfiso
1011 696 1364 754 iffiifft'adminislrationem
1382 726 1481 761 jurium
1491 726 1589 756 Cathe-

878 758 960 787 drali's
973 768 1036 787 curri
1050 758 1161 788 confilio
1174 761 1294 795 Capituli
1307 782 1314 788 .
1330 772 1395 799 pag.
1405 772 1448 796 74.
1463 762 1487 793 §.
1499 762 1589 799 Etpro

843 803 985 864 Egiscrsisuis
999 830 1026 857 in
1040 828 1285 859 dismembratione
1305 813 1499 860 Parochiariim
1511 824 1589 861 Civi-

876 865 939 892 tatis
952 874 968 892 a
981 863 1135 893 Cathedrali
1147 887 1156 898 ‚
1171 866 1239 893 olim
1250 867 1330 894 unica
1340 865 1508 901 Parochiali,
1528 878 1586 896 nori

875 898 1076 933 praesumitur‚a
1086 899 1113 929 se
1125 899 1260 929 abdicasse
1271 902 1415 936 principale
1429 903 1469 936 ius
1476 914 1587 939 pag.74.

879 936 901 967 §.
912 935 950 962 Et
959 935 1110 973 cofacilius
1123 957 1130 963 .
1214 948 1216 950 ·
1580 955 1582 957 -

842 969 988 1011 Epi-scopus
1001 970 1091 1005 quoad
1102 970 1326 1000 Catliedraticum
1338 993 1345 1000 .
1364 971 1434 1002 Vide
1443 972 1588 1013 Cathedra-

833 1016 837 1020 ”
873 1014 953 1034 ticum
967 1028 973 1034 .

839 1039 966 1076 Episcopi
974 1051 1100 1076 tenentur
1109 1041 1268 1078 indigentia:
1280 1043 1376 1076 Populi
1387 1065 1395 1076 ‚
1415 1046 1441 1071 δι
1452 1052 1521 1072 cura:
1529 1044 1587 1072 ani—

873 1085 982 1105 marum
993 1077 1136 1111 providere
1146 1077 1179 1105 de
1188 1077 1329 1105 sufficienti
1340 1077 1533 1106 Ministrorum
1540 1089 1588 1106 nu-

874 1121 951 1139 mero
962 1135 970 1146 ‚
990 1110 1096 1146 illisque
1114 1112 1245 1140 alimenta
1255 1111 1379 1147 praestare
1401 1112 1435 1140 de
1448 1113 1528 1142 bonis
1540 1115 1590 1142 Ec-

874 1145 955 1174 clefiae
967 1170 973 1175 .
993 1158 1026 1176 va
1048 1169 1052 1175 .
1071 1157 1110 1176 io.
1125 1148 1249 1184 §.Atque
1262 1170 1269 1175 .

838 1180 984 1216 Episcopus
994 1183 1027 1211 de
1048 1191 1075 1211 et
1098 1184 1127 1212 in
1140 1181 1297 1211 Catlicdrali
1309 1206 1316 1217 ‚
1336 1186 1363 1211 &
1387 1184 1588 1212 Conventuali-

875 1215 924 1244 bus
935 1217 1054 1245 Ecclesiis
1066 1216 1167 1246 habere
1181 1217 1364 1252 coadjutores
1381 1219 1408 1246 in
1436 1219 1587 1247 raedicatio-

874 1252 916 1279 nis
927 1251 1018 1289 officio
1031 1275 1039 1286 ‚
1059 1256 1085 1280 δι
1107 1253 1138 1280 riri
1151 1252 1290 1280 audiendis
1303 1251 1392 1281 Confc
1415 1253 1522 1281 ionibus
1536 1276 1544 1287 ,
1558 1263 1589 1283 ac

876 1287 979 1314 caeteris
990 1309 998 1320 ‚
1017 1296 1075 1320 quae
1084 1287 1122 1321 ad
1136 1285 1251 1315 salutem
1262 1288 1398 1322 pertinent
1407 1289 1563 1317 animarum
1578 1310 1585 1317 .

875 1331 939 1357 pag.
954 1325 1014 1348 218.
1028 1322 1051 1353 §.
1062 1320 1174 1356 Differit
1183 1343 1191 1350 .

841 1354 1260 1394 Epjscopus'quoad'concursum
1274 1379 1280 1385 .
1302 1357 1371 1386 Vide
1385 1357 1529 1394 Concurfics
1543 1364 1550 1387 '.

841 1389 987 1425 Episcopus
999 1413 1006 1425 ,
1028 1391 1132 1419 ratione
1144 1391 1308 1420 obedientiae
1317 1391 1366 1420 fibi
1378 1392 1474 1421 debitae
1500 1404 1515 1422 a
1528 1394 1589 1424 Cle-

874 1426 935 1453 ricis
960 1426 1087 1454 Dioecefis
1099 1450 1107 1461 ‚
1125 1426 1215 1461 potest
1239 1427 1276 1455 ob
1300 1438 1416 1464 gravem
1430 1448 1443 1463 ‚,
1458 1432 1484 1457 δι
1497 1428 1588 1466 legiti-

874 1470 951 1488 mam
972 1460 1082 1489 causam
1103 1461 1242 1491 Sacerdoti
1266 1463 1408 1499 injun'gere
1422 1485 1431 1496 ‚
1448 1473 1477 1492 ut
1491 1464 1589 1499 Populi
1615 1471 1617 1473 ’

873 1494 1058 1526 Confeffiones
1069 1498 1184 1532 excipiat
1196 1521 1204 1533 ‚
1221 1508 1283 1535 pag.
1297 1509 1359 1532 219.
1371 1500 1394 1531 §.
1410 1500 1529 1529 Ceterum
1543 1520 1550 1526 .

838 1531 983 1566 Episcopus
996 1531 1129 1569 abrogare
1140 1533 1235 1567 nequit
1249 1531 1474 1563 consuetudinem
1482 1534 1511 1562 in
1524 1542 1586 1562 toto

864 1566 950 1605 *Orbe
963 1576 1098 1603 receptam
1113 1590 1119 1596 .
1132 1579 1196 1605 pag.
1210 1579 1253 1602 45.
1268 1569 1291 1600 §.
1306 1568 1391 1604 Causa
1405 1591 1411 1597 .

839 1600 986 1636 Episcopus
1009 1602 1154 1637 providere
1175 1603 1257 1632 debet
1269 1602 1494 1639 conservationi,
1513 1605 1588 1633 &iri-

874 1646 1013 1665 cremento
1026 1638 1111 1666 divini
1122 1638 1209 1666 cultus
1223 1661 1228 1665 .
1267 1649 1310 1676 ag.
1324 1649 1368 1672 74.
1382 1640 1405 1671 §.
1418 1639 1553 1667 Additur.

909 1674 970 1701 Nec
981 1681 1088 1702 tenetur
1099 1673 1134 1701 ad
1146 1671 1216 1702 hunc
1228 1684 1241 1702 e
1266 1675 1356 1702 costum
1380 1676 1515 1709 requirere
1526 1684 1588 1703 con-

876 1706 964 1736 filium
975 1731 984 1742 ‚
1003 1708 1048 1736 vel
1060 1706 1223 1737 consensum
1238 1709 1375 1744 Capituli.
1397 1709 1499 1738 Ibidem
1513 1730 1519 1736 .

840 1741 988 1777 Episcopus
1000 1742 1039 1771 est
1050 1743 1205 1780 ordinarius
1219 1754 1370 1779 exequutor
1381 1746 1487 1779 piarum
1500 1742 1588 1778 dispo-

873 1776 1002 1805 fitionum
1015 1801 1023 1812 ‚
1042 1777 1060 1805 fi
1074 1779 1199 1812 speciales
1211 1779 1269 1807 dati
1283 1789 1339 1807 uon
1351 1778 1400 1807 sint
1411 1788 1588 1814 exequutores

874 1813 904 1840 in
914 1811 1096 1840 Testamento
1110 1834 1116 1840 .
1134 1824 1198 1852 pag.
1211 1819 1253 1845 63-
1267 1815 1290 1845 §.
1302 1813 1344 1841 At
1354 1823 1481 1853 quatenus
1491 1835 1497 1841 .

910 1848 944 1875 Et
951 1847 985 1875 ad
993 1857 1057 1876 eum
1068 1847 1226 1876 devolvuur
1237 1857 1383 1882 exequutio
1394 1869 1403 1881 ,
1425 1847 1443 1876 si
1462 1848 1518 1876 dati
1528 1858 1588 1877 exe·

873 1891 1002 1916 quutores
1013 1881 1061 1910 sint
1072 1883 1210 1917 incapaces
1226 1905 1231 1910 .
1250 1882 1350 1911 Ibidem
1359 1904 1367 1912 .

912 1916 1004 1945 Potest
1030 1928 1139 1952 quoque
1162 1917 1284 1945 revidere
1307 1927 1436 1952 computa
1447 1918 1587 1947 Exauoris

877 1953 916 1986 pii
929 1952 1014 1980 reliffi
1022 1975 1036 1992 h,
1057 1954 1113 1992 iarn
1125 1951 1266 1992 dispundb.
1276 1962 1368 1980 coram
1379 1952 1585 1982 Exccutoribus.

880 1998 947 2049 Pssfit
957 1988 1273 2062 Eiagtisrtcjlii‘f'issiiigzv‘cre
1285 2023 1311 2051 in
1323 2021 1385 2051 casu
1395 2021 1505 2052 detestat:
1516 2021 1587 2055 frau-

879 2056 920 2084 dis
931 2078 940 2088 ‚
960 2056 1004 2084 vel
1015 2057 1188 2093 negligentia:
1199 2079 1205 2085 .
1225 2056 1325 2085 Ibidem
1339 2079 1346 2086 .
1577 2085 1581 2090 ,

911 2090 1060 2126 Eidemque
1082 2092 1208 2121 Εκειὲὶοῑί
1232 2092 1346 2121 statuere
1372 2092 1526 2122 mercedem
1551 2092 1586 2122 ad

881 2126 1019 2154 rationem
1042 2136 1158 2161 quatuor
1171 2150 1179 2162 ,
1198 2127 1242 2156 vel
1264 2128 1383 2162 quinque
1399 2138 1448 2162 pro
1462 2127 1585 2162 quolibet

882 2163 1040 2190 centenario
1055 2184 1060 2190 .
1081 2162 1197 2190 Ibidem.

845 2194 991 2231 Episcopus
1013 2196 1049 2225 ad
1062 2198 1272 2231 exequutionem
1295 2198 1387 2234 gratia:
1412 2196 1460 2224 suo
1471 2197 1585 2228 arbitrio

878 2230 1025 2260 commiffae
1038 2231 1124 2266 potest
1135 2231 1371 2266 extrajudicialitei·
1382 2232 1585 2267 procedere,de-

877 2265 984 2295 ficienre
996 2267 1123 2304 legitimo
1135 2266 1336 2296 contradiCtote
1347 2289 1354 2296 .
1371 2278 1436 2304 pag.
1460 2277 1502 2295 21.
1514 2269 1537 2300 §.
1551 2268 1588 2297 Id

876 2312 939 2330 vero
952 2323 959 2330 .

844 2335 989 2372 Episcopus
1002 2338 1093 2372 quoad
1105 2337 1341 2375 Indulgentiarum
1355 2336 1586 2373 publicationes-113

879 2371 949 2401 Vide
958 2372 1127 2411 Indulgentia
1142 2394 1148 2401 .

842 2405 976 2442 Episcopo
988 2431 996 2442 ‚
1016 2418 1050 2436 an
1062 2407 1158 2443 subjici
1173 2407 1272 2436 debeat
1283 2408 1446 2436 Oratorium
1459 2407 1586 2443 indepen·
1610 2424 1612 2427 v

878 2441 973 2470 denter
985 2453 1001 2470 a
1015 2442 1156 2471 Parocho?
1173 2454 1236 2481 pag.
1248 2453 1290 2477 74.
1303 2444 1327 2475 §.
1339 2442 1377 2470 Et
1383 2446 1433 2479 pr‘o
1440 2452 1518 2478 parte
1530 2466 1539 2478 ‚
1558 2442 1585 2472 ὁ·

872 2488 909 2512 pa
931 2499 936 2504 .
949 2483 992 2510 76.
1006 2479 1029 2510 §.
1043 2477 1182 2506 Parochus
1193 2500 1200 2506 .

841 2488 987 2546 Episcgopus
999 2513 1089 2548 quoad
1100 2513 1254 2542 oblationes
1267 2535 1272 2541 .
1291 2511 1360 2542 Vide
1373 2511 1531 2541 Oblationes
1542 2536 1549 2542 .

843 2546 988 2582 Episcopus
996 2547 1034 2576 est
1046 2549 1148 2583 primus
1161 2547 1295 2577 Parochus
1307 2548 1389 2576 totius
1397 2547 1524 2577 Dioecesis
1536 2571 1544 2583 ‚
1557 2551 1584 2577 δε

878 2583 1137 2616 praeemineiitialem
1150 2582 1234 2612 habet
1244 2592 1335 2612 curam
1358 2584 1484 2611 omniurn
1496 2584 1584 2613 Eccle-

878 2616 975 2646 siarum
989 2639 995 2646 .
1010 2630 1074 2656 pag.
1086 2629 1130 2653 74.
1143 2620 1166 2652 §.
1179 2619 1215 2647 Et
1222 2629 1251 2646 eo
1254 2617 1370 2658 facilius
1384 2640 1390 2645 .

843 2651 1008 2687 Episcopum
1020 2678 1028 2688 ,
1040 2653 1150 2688 eiusque
1161 2656 1329 2688 Deputatum
1340 2652 1479 2681 excludere
1490 2655 1584 2687 nequit

876 2687 1011 2717 Parochus
1023 2689 1058 2717 ab
1068 2687 1301 2717 administratione
1310 2691 1584 2720 Sacramentorum,&

879 2724 1009 2754 exercitio
1016 2725 1118 2765 jurium
1129 2722 1583 2786 Parochialiumpq5.§.Siaut}gn‚.

1545 2768 1585 2793 pi·
