1934 2954
85 1812 246 1860 Sefx.25.
266 1817 342 1860 cap.

69 1874 72 1877 ”
87 1869 132 1904 cle
149 1865 284 1916 Regul.

540 127 611 163 168

532 178 611 217 cefi
629 182 841 220 moratur,
874 177 923 217 de
956 177 1160 226 probitate
1187 186 1377 220 morum,
1409 177 1447 216 ἃ
1477 174 1529 214 de
1559 173 1801 229 idoneitate·
1819 172 1868 211 ad

533 242 800 281 quaecumque
828 229 1031 269 Beneficia
1060 229 1186 269 etiam
1203 238 1370 267 curata:
1399 228 1535 267 studiis
1568 226 1866 282 Philosopmae,

533 281 773 332 Theologiae
803 281 982 322 Moralis
1002 309 1013 326 ‚
1049 295 1093 321 ac
1129 281 1338 332 utriusque
1367 281 1467 326 juris
1492 293 1658 329 operam
1689 276 1868 335 dedlffe:

533 334 860 373 Grammaticam
885 333 1060 374 docuisse
1078 334 1117 372 in
1137 333 1330 383 Collegio
1347 333 1568 372 societatis
1588 333 1680 382 Jesu
1694 358 1705 377 ,
1733 333 1771 370 ἃ
1790 342 1865 387 mss’

533 388 668 427 altero
684 386 876 437 Collegio
896 386 1086 426 Martiali
1103 386 1229 425 Firmi
1250 387 1314 426 :Sc
1328 384 1596 426 laudabiliter
1610 384 1867 424 Curamam-

532 453 692 478 marum
713 452 904 479 exercere
923 441 960 478 iu
980 439 1113 478 Terra
1131 438 1312 478 Porculae
1347 438 1542 478 Dioecefis
1559 437 1718 476 Montis
1736 436 1830 474 Alti
1848 465 1857 474 .

532 492 710 532 Ratione
728 492 866 542 itaque
889 494 1049 531 suarum
1072 492 1452 540 praerogativarum,
1465 492 1503 529 ἃ
1521 489 1757 528 ἀεὶεξὶυυπι
1770 489 1861 546 Op·-

531 545 719 593 pofitoris
739 544 918 584 Moretti
939 571 951 589 ‚
968 558 1011 584 ac
1035 545 1196 584 ratione
1211 546 1378 589 majoris
1396 542 1674 592 suffragiorum
1700 553 1860 581 numeri

531 598 692 636 obtenti
713 598 750 635 iu
772 599 998 641 concursu,
1017 597 1198 647 disputat
1215 623 1227 641 ,
1243 598 1311 636 fibi
1330 599 1391 637 uti
1421 595 1599 646 digniori
1625 594 1860 640 adjudican-

529 649 621 688 dam
641 649 717 689 effe
734 649 1013 691 Parochialem
1030 675 1042 693 ,
1059 651 1172 696 juxta
1190 651 1396 689 censuram
1430 648 1541 688 Sacri
1556 646 1738 686 Concilii
1765 644 1859 685 Tri-

528 703 852 751 dentinisess.24.
873 709 1016 752 cap.18.
1035 705 1080 740 de
1097 703 1260 750 Reform.
1281 728 1293 747 ‚
1326 705 1364 743 Sc
1381 699 1693 742 Constitutionis
1707 701 1750 737 In
1776 712 1858 737 con-

521 756 686 802 serendis
706 768 770 798 33.
791 756 870 803 §.2
894 756 930 794 S.
950 755 1010 793 Pii
1026 755 1077 794 V.

474 807 632 847 Verum
651 807 974 854 ponderandum,
992 820 1087 846 uum
1121 809 1272 846 vitium
1291 809 1498 851 Simouiae,
1517 815 1717 857 quatenus
1737 805 1855 850 Caje—

525 870 623 898 tano
641 859 821 897 Moretti
838 859 1148 907 exprobraretur
1166 884 1178 902 ‚
1193 862 1242 898 ob
1267 861 1411 901 asserta
1429 872 1600 899 munera
1617 860 1710 898 data
1725 857 1859 897 Fami-

525 912 695 950 liaribus
712 911 1042 959 Archiepiscopi‚
1060 913 1097 952 ἃ
1116 912 1194 950 alia
1211 913 1316 951 vitia
1333 914 1495 952 dete-&a
1514 913 1594 961 post
1610 910 1858 962 affequutio-

524 974 620 1002 nem
641 961 891 1002 Parochialis
909 989 922 1008 ,
938 963 1204 1008 adjudicium
1221 990 1234 1009 ‚
1249 965 1298 1004 de
1316 979 1395 1016 quo
1411 966 1562 1015 agitur,
1582 965 1820 1013 pertineant
1840 987 1859 1007 ‚.

526 1016 593 1055 seu
613 1015 750 1063 potius
769 1017 817 1054 ad
834 1015 1035 1061 judicium
1051 1016 1296 1067 privationis
1313 1030 1449 1056 coram
1467 1018 1545 1056 suis
1574 1015 1854 1067 competenti-

521 1070 593 1106 bus
609 1067 818 1116 Judicibus
833 1069 1036 1119 agendum
1048 1084 1064 1109 ,-
1079 1070 1305 1120 Rursusque
1323 1069 1620 1110 advertendum
1638 1094 1651 1114 ‚
1665 1081 1762 1108 num
1790 1081 1853 1108 re—

522 1120 711 1160 centiora
726 1122 976 1160 documenta
994 1135 1016 1161 a
1030 1121 1233 1161 Paffarino
1252 1122 1434 1162 exhibita
1467 1132 1578 1163 extra
1596 1120 1853 1161 processum„

523 1173 741 1212 concursus
758 1173 927 1214 admitti
944 1185 1183 1215 mereantur
1200 1199 1212 1219 ‚
1228 1187 1321 1214 cum
1339 1188 1386 1215 ea
1430 1187 1684 1226 nequaquam
1714 1182 1852 1214 atten-

525 1225 656 1265 denda
688 1225 765 1266 effe
797 1239 867 1276 pro
897 1228 1161 1267 retrafiando
1186 1227 1343 1274 judicio
1377 1227 1595 1267 Ordiuarii
1628 1253 1640 1272 ‚
1672 1228 1852 1277 praescri-

522 1279 640 1317 batur
661 1279 699 1317 iu
716 1279 946 1329 Encyclica
965 1281 1047 1320 sau.
1067 1293 1191 1320 mem.
1212 1281 1425 1320 Benediffi
1450 1280 1561 1319 XIV.
1582 1282 1713 1320 relata
1743 1281 1851 1320 inter

526 1332 613 1370 suas
634 1330 961 1371 Constitutioues
980 1336 1069 1371 Cum
1086 1335 1183 1371 illud
1200 1339 1266 1372 68.
1287 1339 1391 1376 516.
1409 1339 1546 1373 num.6.
1566 1344 1694 1374 tom.1.

677 1383 966 1424 Definiendum
983 1385 1124 1436 itaque
1140 1386 1220 1425 erit
1236 1389 1284 1425 ab
1301 1386 1379 1424 EE.
1398 1386 1487 1426 VV.

467 1436 536 1475 An
553 1437 684 1487 constet
699 1438 744 1474 de
759 1439 1009 1476 irrationabili
1025 1438 1178 1487 Judicio
1194 1439 1473 1488 Archiepiscopi
1487 1464 1499 1482 ‚
1515 1442 1612 1476 itaut
1628 1429 1846 1477 Parochi'a.»

572 1491 616 1528 S.
638 1492 852 1539 Hieronymi
882 1493 1046 1529 Orticim'
1062 1493 1113 1539 fit
1145 1491 1397 1544 adjudicanda
1430 1493 1627 1530 Sacerdoti
1657 1494 1847 1530 Dominico

540 1557 542 1559 ’
566 1542 755 1591 Paffarim'
772 1568 783 1588 ‚
803 1546 841 1580 in
856 1545 939 1593 casu
956 1547 1029 1588 &a

670 1645 933 1688 Affirmative
952 1649 992 1687 iu
1008 1649 1099 1688 casu
1111 1673 1124 1693 ‚
1141 1649 1190 1688 de
1210 1661 1290 1698 quo
1305 1649 1465 1698 agitur.

368 1820 429 1855 19,
460 1801 840 1893 TOLETANA
873 1804 1225 1845 NULLITATIS
1266 1805 1691 1845 PROFESSIONIS.
1721 1807 1846 1845 Eleo—

571 1867 669 1893 uora
684 1856 869 1896 Antonia
889 1857 1065 1898 Serrano
1083 1871 1216 1909 ‚r-quae
1241 1860 1308 1898 die
1331 1873 1373 1897 12
1412 1859 1520 1908 Junii
1541 1864 1655 1905 1698.
1682 1867 1777 1897 nata
1793 1861 1846 1898 est.

513 1908 554 1947 in
571 1908 686 1948 Villa
701 1907 752 1948 de
767 1907 955 1957 Qesada
975 1909 1188 1950 Toletauae
1205 1911 1400 1952 Dioecefis
1418 1936 1430 1955 ‚
1459 1912 1698 1959 vigesimum
1721 1921 1844 1959 agens

513 1960 645 1999 aetatis
661 1962 1091 2013 annum,Religiouem
1109 1965 1352 2003 solemniter
1368 1962 1536 2012 professa
1551 1966 1603 2002 est
1619 1964 1686 2002 die
1708 1978 1721 2001 1
1733 1978 1766 2002 2.
1782 1962 1848 2013 Ju-

512 2013 571 2052 nii
595 2027 638 2059 17
650 2019 707 2052 18.
723 2038 737 2057 ,
754 2014 956 2064 assumpto
973 2028 1140 2067 nomme
1158 2016 1314 2055 Sororis
1330 2016 1523 2056 Antoniae
1539 2029 1560 2054 a
1577 2017 1614 2054 S.
1632 2016 1847 2063 Hierony-

511 2079 582 2105 mo
598 2092 610 2110 ,
627 2065 667 2104 in
685 2066 1067 2107 Sam‘fimonialium
1083 2069 1333 2108 Mouasterio
1357 2069 1540 2115 ejusdem
1571 2068 1690 2106 Villae
1720 2069 1846 2113 subje-

513 2119 579 2156 &o
595 2117 863 2167 Regularibus
883 2121 1055 2161 Ordinis
1075 2120 1396 2161 Praedicatorum
1412 2151 1422 2160 .
1455 2120 1541 2160 Post
1556 2122 1728 2170 triginta
1745 2121 1843 2160 verb

509 2171 744 2219 completos
759 2184 883 2212 annos
901 2198 913 2216 ‚
933 2174 1120 2222 precibus
1136 2175 1286 2213 oblatis
1319 2175 1486 2214 Summo
1504 2173 1694 2212 Pontifici
1711 2200 1724 2218 ‚
1756 2184 1840 2223 quat

514 2224 564 2264 ad
579 2226 683 2262 hanc
699 2223 860 2262 Sacram
880 2226 1259 2276 Congregationem
1277 2227 1443 2267 remitsae
1460 2228 1550 2265 suut
1564 2252 1577 2272 ‚
1596 2224 1810 2275 postulavit
1824 2250 1839 2269 ‚

511 2286 561 2316 ut
580 2276 619 2315 iu
637 2276 841 2326 integrum
859 2279 1142 2319 restitueretur
1157 2280 1349 2319 adversus
1367 2280 1524 2329 lapsum
1540 2275 1806 2329 quinquennii
1823 2301 1838 2321 ‚

509 2342 587 2378 pro
602 2328 757 2378 agenda
770 2329 899 2369 Causa
914 2331 1122 2370 nullitatis
1139 2332 1212 2370 sua:
1229 2331 1506 2376 Profeffioum
1525 2344 1646 2382 quam
1664 2331 1704 2369 vi
1719 2353 1733 2372 ‚
1750 2340 1840 2367 me-

509 2391 641 2432 tuque
659 2380 941 2431 cognatorum
959 2382 1127 2422 emififfe
1149 2387 1338 2424 narrabat
1357 2415 1366 2424 .
1386 2385 1466 2424 Die
1486 2385 1626 2434 itaque
1643 2396 1676 2420 2.
1692 2381 1837 2430 Augu-

508 2434 556 2472 sti
577 2447 691 2481 1749.
705 2434 807 2473 datae
824 2434 994 2475 fuerunt
1009 2435 1158 2476 Literae
1180 2437 1228 2475 ad
1245 2436 1616 2487 Archiepiscopum
1628 2443 1735 2471 ‘tunc
1747 2433 1837 2471 Ad·
1895 2468 1897 2471 .

512 2486 832 2526 ministratorem
848 2487 1046 2528 Dioecefis
1064 2488 1280 2530 Toletanae
1297 2502 1369 2539 pro
1384 2485 1737 2528 informatione&
1751 2484 1836 2524 Vo-

509 2545 558 2575 to
576 2562 589 2580 ‚
604 2539 641 2577 Sc
658 2538 920 2581 confefflone
939 2540 1145 2580 processus
1163 2568 1176 2587 ‚
1210 2543 1350 2582 audita
1370 2535 1628 2594 Superiorirsa
1643 2562 1656 2581 ‚
1685 2549 1730 2576 ac
1759 2538 1854 2576 ser«.

508 2597 607 2626 vata
634 2589 764 2631 forma
795 2592 1013 2632 noviffimae
1040 2592 1356 2634 Constitutionis
1384 2590 1652 2633 Benediffinae
1669 2618 1678 2628 .
1713 2588 1853 2630 Vices··

508 2639 599 2677 suas
614 2639 956 2694 Archiepiscopus
970 2645 1287 2686 Administrator
1311 2642 1524 2694 delegavit
1556 2638 1737 2680 Parocho
1752 2641 1834 2681 Lo-

509 2692 593 2730 cali
608 2716 621 2738 ‚
638 2693 764 2743 quiin
783 2695 1046 2739 Profeffionis
1058 2698 1327 2741 Defensore'm
1343 2695 1471 2746 elegit
1498 2692 1730 2734 Antonium
1748 2694 1857 2734 Go-r·

1742 2758 1832 2788 mez
