1934 2954
87 160 170 190 rom
185 144 462 195 „Asanam
481 137 635 199 quinque
661 141 706 184 ab
731 140 820 184 htne
846 143 973 184 annis:
1004 141 1246 193 Conkffarius
1274 145 1323 186 de
1339 106 1422 186 ,αξ

78 217 124 243 no
143 207 259 248 1756.
279 199 423 248 :Insex
445 201 673 250 Concurstbus
689 199 930 249 Ecclesiarum
945 198 1168 236 Curatarum
1188 198 1295 251 hujus
1314 202 1414 250 Dif-

80 257 164 306 usis
173 257 254 304 fuit
266 252 430 302 legitime
444 255 654 304 approbatus
669 263 679 290 ε
694 253 768 291 Ad
776 251 993 300 praqs'ens‚&·
1004 248 1114 301 usque
1129 251 1175 287 de
1189 263 1278 288 anno
1294 265 1308 289 1
1318 265 1337 298 7
1346 257 1411 296 56.

79 309 210 353 Reffior
237 305 403 356 Ecclesia
424 309 571 347 Curatae
595 307 643 346 S.
671 307 792 345 Luciae
820 305 854 343 T
849 318 938 342 errae
969 300 1138 343 Porculae
1163 301 1302 340 Montis
1316 305 1410 342 Alte

78 356 251 409 Dioecefis
266 373 294 397 ε
310 372 324 398 ‚·
342 359 380 400 δε
397 359 437 399 in
455 359 638 410 margine
657 357 813 406 pariter
828 357 985 405 scripta:
1002 356 1095 395 sunt
1120 353 1253 394 literae
1269 354 1411 394 initia-

76 412 140 453 les
155 409 209 450 A.
228 409 278 450 A.
294 411 348 450 A.
364 437 376 455 ‚
397 411 540 462 quibus
557 411 772 461 colligitur
787 434 800 454 ‚
818 421 912 450 eum
927 406 1042 448 fuisse
1057 408 1104 447 ab
1117 408 1307 447 omnibus
1334 407 1413 447 tri-

80 465 152 504 bus
165 463 527 513 Examinatoribus
537 466 810 515 approbatum
826 492 838 504 .

0 549 1 568 ¹
27 514 131 557 Haec
165 516 316 555 habent
350 517 438 556 afta
466 517 697 567 Concursus
728 546 738 556 .
771 514 815 555 In
840 513 1025 564 precibus
1051 521 1193 553 tamen
1214 513 1308 552 huic
1341 512 1413 553 Sa-

0 575 1 581 ’
79 580 157 609 crae
179 566 506 619 congregationi
519 568 934 616 oblatiS,Dominicus
951 563 1142 606 Paffiirini
1155 590 1168 610 ,
1183 564 1417 614 discrepans

78 633 104 662 a
124 620 302 662 recitata
324 622 512 670 epitome
528 648 542 668 ‚
560 632 719 667 narrat,
737 623 777 662 se
794 621 925 661 tribus
943 621 990 659 ab
1009 620 1103 658 hinc
1119 617 1235 657 annis
1263 618 1417 657 adscri-

76 682 202 725 ptum
220 672 296 713 effe
317 674 425 714 inter
441 675 721 716 Portionarios
742 673 920 714 Curatos
953 671 1136 711 Ecclefiae
1159 670 1415 710 Parochialis

76 725 120 768 S.
137 724 277 766 Luciae
296 724 432 766 Terrae
450 727 633 768 Porculae
649 726 811 768 Montis
825 726 919 766 Alti
936 724 1197 768 Dioecefis‚&
1213 722 1255 761 in
1269 726 1421 762 novem

81 775 396 821 Parochialium
413 783 670 821 concursibus
697 779 814 822 fuiffe
837 779 1106 830 approbatum
1135 789 1158 816 a
1184 775 1313 815 Curia
1333 775 1417 815 Ar-

81 830 379 879 chiepiscopali
397 830 585 874 Firmana
603 848 618 876 ‚-
645 834 768 875 &fibi
782 831 1002 874 contendit
1031 828 1321 880 praelationem
1346 828 1417 867 de·-

78 882 169 922 beri
181 907 197 928 9
228 884 324 933 quia
346 884 497 930 majori
525 886 806 937 suffragiorum
833 896 1007 926 numero
1025 881 1107 922 fuit
1139 881 1385 931 approbatus
1402 901 1421 924 9

81 935 374 992 maiorumque
389 937 524 986 pollet
537 941 785 981 meritorum
809 935 1106 990 praerogativa:
1133 934 1171 974 δε
1203 933 1301 984 quia
1327 931 1421 971 Mo·

79 995 217 1026 rettus
233 996 322 1032 erat
340 986 530 1039 indignus
545 994 797 1042 reputandus
811 1017 824 1037 ‚
840 994 891 1032 ob
904 989 1053 1040 passam
1067 985 1289 1039 praeteritis
1304 985 1421 1025 annis

79 1038 366 1088 remotionem
384 1052 405 1078 a
421 1052 592 1084 munere
607 1044 850 1091 Confeffarii
866 1042 1120 1084 Monialium
1151 1038 1312 1090 Montis
1330 1037 1421 1076 Flo·

80 1091 138 1148 ris
157 1090 357 1130 firmanae
375 1091 572 1135 Dioecefis
586 1123 600 1144 ,
618 1099 795 1140 attentis
815 1095 996 1150 querelis
1014 1102 1158 1132 contra
1187 1102 1284 1132 eum
1298 1089 1418 1130 dela-

79 1152 137 1234 {¹⁵
150 1143 222 1202 ‘ad
250 1143 418 1185 Sacram
446 1145 824 1203 Congregationem
849 1148 1145 1200 Episcoporum
1172 1170 1188 1192 ‚
1216 1144 1256 1186 3<
1282 1142 1422 1193 Regu·

101 1207 234 1235 arium
248 1226 259 1236 .
597 1226 601 1228 r

31 1245 196 1294 ,Verum
214 1247 439 1296 caietanus
456 1250 637 1292 Moretti
656 1252 695 1292 in
709 1253 1047 1297 circumferendo
1063 1251 1210 1292 libello
1225 1246 1386 1289 differit
1401 1269 1421 1293 ‚

86 1312 230 1345 veram
246 1313 327 1341 non
345 1303 425 1343 esse
439 1304 549 1344 suam
564 1307 819 1352 amotionem.
835 1320 857 1346 a
885 1315 1060 1344 munere
1074 1299 1314 1342 Confeffarii
1329 1299 1424 1337 Μο-

82 1353 262 1411 ”ninum
281 1353 443 1395 Montis
459 1356 593 1403 floris
611 1381 624 1401 ‚
640 1369 738 1396 curn
752 1359 883 1397 adhuc
900 1355 1126 1396 asservetur
1140 1355 1180 1393 in
1199 1351 1326 1391 Curia
1340 1351 1424 1390 Ar-

80 1406 383 1456 chiepisco-pali
398 1407 576 1456 Epistola
592 1431 606 1453 ‚
625 1421 703 1460 qua
721 1407 800 1457 ipse
815 1433 828 1454 ,
840 1410 958 1455 juxta
972 1409 1147 1448 allatum
1165 1404 1424 1452 exemplum,

79 1468 228 1497 munus
244 1459 486 1507 praediCtum
499 1460 645 1510 sponte
663 1460 813 1501 dimisit
829 1461 882 1500 ob
896 1460 1077 1511 rigidum
1105 1469 1246 1499 aerem
1259 1456 1334 1496 sua:
1352 1467 1424 1494 va·-

79 1509 266 1555 letudini
295 1513 583 1555 contrariums
610 1513 873 1564 pluriumque
895 1511 1139 1553 testimonio
1156 1511 1277 1550 -suam
1292 1506 1428 1547 vindi·
1487 1523 1490 1525 ·

80 1571 150 1602 cat
168 1572 332 1606 morum
348 1566 605 1614 probitatem
620 1591 633 1612 ‚
647 1567 923 1610 exemplarem
940 1565 1074 1604 vitam
1095 1589 1108 1608 ‚
1134 1564 1175 1611 &
1196 1563 1427 1601 summam.»

77 1615 347 1663 prudentiam
364 1643 378 1663 ‚
394 1631 471 1668 qua
487 1619 676 1658 omnium
692 1617 838 1658 laudes
854 1617 1008 1656 meruit
1026 1616 1066 1654 in
1095 1615 1262 1664 expleto
1279 1624 1427 1652 mune-

82 1678 127 1724 re
143 1667 385 1715 Confeffarii
404 1670 684 1717 Monialium,
704 1681 868 1722 quoque
886 1669 955 1708 fibi
979 1667 1199 1709 succeffive
1216 1665 1426 1706 concilia-

81 1727 147 1759 vit
165 1720 205 1759 in
224 1720 363 1761 officio
380 1721 554 1765 Parochi
571 1722 851 1764 reverentiam
870 1745 884 1766 ,
913 1722 954 1761 δε
972 1732 1156 1760 amorem
1188 1718 1322 1759 totius
1349 1716 1426 1756 Po·-

82 1772 171 1817 puli
187 1772 374 1813 Orticini
391 1799 404 1818 ‚
420 1777 563 1815 paucis·
575 1775 765 1822 exceptis
777 1798 792 1818 ‚
820 1773 892 1822 ,qui
911 1773 1007 1821 aegri
1035 1771 1166 1810 animi
1193 1768 1425 1810 affectioni·

82 1822 156 1861 bus
171 1824 282 1864 dut‘ri
298 1827 378 1864 fine
392 1827 568 1866 causaei
581 1825 835 1867 succensere,
853 1825 891 1863 &
909 1821 1055 1871 Populi
1067 1822 1318 1862 aversionem
1332 1831 1426 1869 pro-

79 1873 212 1924 gressu
229 1877 429 1926 temporis
441 1878 649 1918 subortam
664 1874 922 1915 comminisci
937 1874 1080 1914 conati
1098 1874 1207 1915 sunt,·
1224 1871 1291 1913 sed
1307 1874 1393 1911 haec
1408 1894 1427 1917 2

88 1940 174 1977 quae
191 1927 444 1969 Parochialis
458 1930 731 1970 collationem
745 1928 916 1979 sequuta
933 1927 1041 1972 sunt,
1055 1926 1254 1966 convenit
1270 1924 1311 1963 in
1327 1934 1424 1971 pre-

84 1980 150 2019 tio
166 1980 346 2021 habenda
364 1993 442 2021 non
459 1982 538 2023 effe
551 1996 569 2028 ’,
591 1979 942 2032 quemadmodum
957 1990 1037 2017 non
1059 1976 1275 2018 officerent
1291 1976 1424 2025 poste*

87 2031 218 2072 riores
233 2031 446 2080 dest—etus,
477 2034 546 2075 nifi
574 2035 680 2075 tales
697 2031 824 2073 effent
842 2055 857 2078 ‚
885 2031 955 2084 qui
980 2041 1136 2080 paenam
1170 2027 1423 2082 privationis

87 2085 238 2124 mereri
254 2085 410 2133 possent
427 2115 439 2125 .
1131 2127 1135 2130 ,

35 2141 92 2183 Et
110 2137 296 2188 inspet‘iis
311 2138 473 2178 meritis
489 2162 503 2183 ‚
523 2149 607 2190 quae
627 2138 795 2189 quisque
810 2137 983 2177 habebat
1007 2143 1196 2182 tempore
1224 2132 1423 2174 collatio-

91 2190 155 2229 nis
171 2190 389 2234 ‚-defendit
409 2214 421 2234 ‚
439 2190 542 2229 nihil
561 2189 742 2239 prodesse
761 2188 987 2229 Dominico
1012 2186 1207 2227 Paffarini
1234 2198 1422 2236 praepon-

87 2241 323 2282 derantiam
338 2242 457 2282 unius
473 2243 666 2292 suffragii,-
684 2243 779 2293 quia
798 2242 1137 2282 Examinatorum
1151 2238 1337 2280 officium
1350 2239 1425 2283 est,

89 2294 262 2335 idoneos
294 2295 512 2346 approbare
524 2321 537 2340 ‚
576 2307 656 2335 non
683 2304 827 2335 autem
857 2293 1103 2339 pluralitate
1135 2289 1423 2340 suffragiorum

87 2346 331 2398 Digniorem
350 2348 505 2398 eligere
520 2372 533 2391 ‚
552 2347 663 2396 quod
677 2347 802 2388 solius
831 2345 1018 2395 Episcopi
1047 2343 1207 2392 judicio
1238 2343 1423 2385 reserva-

86 2407 178 2440 tum
194 2402 248 2440 est
265 2414 287 2441 a
305 2401 427 2442 Sacro
440 2400 635 2440 Concilio
653 2399 903 2440 Tridentino
914 2400 1074 2449 seſs-²4·
1108 2407 1206 2447 cap.1
1219 2400 1256 2435 8.
1286 2396 1333 2452 (ie
1345 2396 1425 2435 Re·-

81 2451 236 2499 fhrmat.
255 2480 269 2500 ‚
296 2455 334 2495 &
346 2467 368 2494 a
400 2454 482 2493 san.
499 2465 625 2493 mem.
643 2453 867 2493 Benedifto
882 2450 999 2493 XIV.
1024 2451 1066 2490 in
1081 2448 1419 2489 Constitutiont,

89 2506 183 2544 Cum
199 2505 300 2545 illud
313 2512 376 2548 68.
391 2507 429 2556 ᾧ.
441 2520 454 2544 1
468 2520 498 2545 1.
516 2517 641 2546 toran.
658 2519 674 2546 ‚·
691 2505 729 2545 Sc
744 2513 963 2554 propterea
980 2527 994 2548 ‚
1012 2514 1106 2543 cum
1117 2502 1236 2543 ambo
1252 2498 1420 2557 fuissent:

87 2560 301 2607 approbati
318 2585 334 2606 ‚
363 2560 501 2609 potuit
519 2557 867 2607 Archiepiscopus
885 2568 980 2596 eum
999 2556 1155 2605 eligere
1170 2580 1186 2602 ‚
1215 2564 1339 2606 quem
1354 2551 1426 2591 di-

87 2609 277 2660 gniorem
291 2610 454 2660 putavit
468 2635 483 2656 ‚
509 2611 612 2653 licet
627 2610 777 2651 minori
807 2607 1088 2660 suffragiorum
1106 2619 1278 2648 numero
1294 2605 1424 2646 deco-

80 2670 251 2751 Jammsn
267 2673 312 2710 ut
327 2664 499 2710 tradunt
516 2667 638 2714 Garz„
654 2666 701 2707 de
713 2663 830 2715 benef.
845 2671 949 2717 part.
963 2676 1010 2716 2.
1028 2670 1148 2717 capa.
1174 2674 1272 2711 uum.
1296 2671 1422 2752 1853,-
