1934 2954
99 179 217 232 questa
233 182 384 218 martina
401 193 426 213 =
444 203 457 222 ‚
488 183 532 216 ut
552 180 720 218 testatur
736 178 928 228 Magister
945 179 1217 220 Novitiorum
1232 210 1240 220 .
1267 182 1320 222 Et
1337 147 1431 225 cusiri

102 234 256 272 Orator
273 257 285 277 ,
302 231 406 271 licet
426 242 471 270 ex
490 233 553 269 sua
575 231 711 270 indole
742 232 1004 279 pusillanimis
1021 258 1034 277 ‚
1052 233 1089 272 ὃ(
1108 233 1279 272 timidus
1297 258 1310 277 ‚
1344 249 1432 282 per-

96 286 301 324 severaret
320 283 359 321 in
377 284 442 322 sua
461 285 704 324 relustantia
723 308 736 328 ,
770 296 862 322 eum
889 285 1055 335 aggrefli
1073 285 1163 323 sunt
1191 286 1433 327 suafionibus

102 335 370 375 Provincialis
404 336 610 384 praedistus
630 360 643 380 ‚
675 338 713 376 Sc
741 334 931 385 Magister
960 336 1079 376 Prina
1109 337 1185 377 Vir
1212 336 1332 376 fortis
1349 363 1364 383 ‚
1394 341 1434 379 Sc

99 391 265 429 severus
283 413 296 433 ‚
328 398 372 427 ut
387 398 528 428 contra
543 389 813 429 inficiat-iones
828 390 1009 434 ejusdem
1022 388 1205 439 Magistri
1221 390 1341 430 Prina
1371 392 1434 430 se-

94 451 210 491 ptem
224 442 436 492 deponunt
453 441 589 481 Testes
608 468 621 487 ‚
654 452 827 491 quorum
843 441 923 481 duo
940 443 1076 491 aspera
1092 443 1213 481 verba
1241 442 1426 492 Magistri

95 492 218 533 Prina
246 495 459 534 recensent
477 521 490 541 ‚
517 495 555 535 ὃ(
582 495 689 534 alter
718 494 846 534 minas
875 494 990 534 addit
1021 496 1069 534 ab
1097 493 1173 532 illo
1193 495 1370 543 prolatas
1399 509 1431 530 =

98 549 413 596 Diffingannatevi
425 560 442 586 ‚·
473 561 490 584 o
501 548 576 589 sate
591 545 849 595 lalProsffone
863 572 875 591 ‚
905 561 923 584 o
940 547 1148 586 altrimenti
1159 547 1279 596 vostra
1289 548 1429 588 Madre

98 600 235 646 vifizrd
250 610 401 642 mettere
416 604 454 637 in
470 614 519 639 un
535 600 728 647 luogo‚,che
740 612 808 636 non
819 601 970 637 vedrete
977 603 1044 649 pit>
1057 600 1151 637 lame
1164 614 1192 635 =
1211 627 1220 637 .
1241 597 1429 639 Tandem.

97 654 148 693 ad
171 651 457 701 profeffionem
481 659 652 700 ventum
671 651 723 690 est
740 675 752 694 ‚
775 652 889 695 cujus
920 652 1042 694 verba
1071 651 1247 700 protulit
1269 652 1430 690 Orator·

95 717 200 744 voce
220 706 401 744 tremula
416 730 429 748 ‚
458 706 496 744 Sc
513 699 736 747 intermissa
751 726 763 746 ³
792 706 903 751 juxta
920 703 1100 746 duo-rum
1111 704 1395 747 testimonium
1407 728 1428 750 ,

102 758 141 796 Sc
162 758 287 797 tertii·
299 758 350 797 de
369 757 513 797 auditu
529 787 543 796 i
565 776 567 778 ·
1419 802 1422 804 ‚

44 810 136 850 Post
151 809 596 857 Profeffionemautem
609 811 799 852 solatium
812 811 971 853 nullum
987 810 1145 852 invenit
1159 811 1317 851 Ora-tor
1348 809 1428 847 inj

95 862 333 911 Convjwio„
351 863 419 910 cui
437 862 629 902 interfuit
645 864 684 902 in
701 864 867 905 AEdibus
882 863 1067 905 Paternis
1087 876 1097 902 ι
1128 864 1290 903 nullum
1307 863 1348 901 in
1363 873 1428 900 ru*

93 915 401 965 sticationibus:l
421 917 581 954 nullum
600 916 639 955 in
655 917 847 965 susceptis
864 917 1079 957 itineribus
1095 941 1108 960 ‚
1136 925 1180 955 ut
1197 916 1333 964 plures
1363 911 1427 970 as·-

92 966 413 1010 firmant.Testes
428 982 443 1008 ,-
471 968 538 1007 sed
556 971 741 1015 turbat-us
769 970 906 1010 animo
935 969 1115 1009 invoces
1130 966 1432 1017 desperationis

94 1021 336 1070 erumpebat
350 1045 363 1064 ‚
392 1029 438 1059 ut
454 1022 500 1058 ab
516 1032 597 1059 uno
615 1020 733 1061 Teste
750 1032 937 1062 narratur
952 1051 961 1060 .
992 1022 1089 1067 Ejus
1107 1021 1252 1061 Amita
1268 1020 1431 1074 septem

94 1075 180 1122 post
204 1072 291 1112 dies
324 1073 372 1111 ad
401 1072 592 1112 Sororem
620 1074 775 1123 scripsit
815 1075 865 1116 dc
893 1073 1144 1115 Profeffione
1171 1071 1348 1121 Nepotis
1382 1081 1426 1108 vi

98 1134 262 1164 extorta
279 1155 288 1164 .
318 1125 372 1164 Et
392 1125 473 1174 ipse
507 1125 662 1165 Orator
691 1128 928 1178 conquestus
960 1138 1057 1166 cum
1072 1125 1226 1164 duobus
1244 1123 1434 1163 Testibus.

96 1177 150 1216 de
164 1176 269 1226 passa
282 1177 484 1217 violent-ia
503 1202 519 1222 ‚
534 1181 729 1218 renuebat
746 1179 968 1218 Ordinibus
988 1177 1175 1223 initiari,
1192 1185 1239 1216 ut
1253 1183 1428 1227 quatuor

97 1227 276 1269 afferunt
292 1229 430 1269 Testes
442 1254 455 1274 ‚
472 1231 512 1270 ὃς
527 1230 621 1269 illos
638 1230 988 1279 tantum-suscepit
1006 1254 1020 1276 ‚
1039 1231 1244 1280 postquam
1257 1227 1429 1283 audive-

95 1291 164 1321 rat
194 1282 356 1322 nullum
371 1281 648 1332 praejudicium
674 1282 749 1323 effe
768 1283 964 1322 allaturos
995 1280 1265 1330 proponenda:
1294 1279 1430 1318 nulli·

94 1334 182 1374 zati
199 1359 212 1378 ‚
244 1343 292 1374 ut
305 1347 405 1374 unus
421 1336 587 1375 testatur
602 1363 614 1373 .
646 1335 859 1375 Sollicitus
875 1347 1039 1386 quoque
1056 1331 1137 1371 fuit
1155 1333 1205 1371 de
1225 1330 1424 1382 querela-2

97 1387 609 1436 nullitatispromovenda
630 1387 737 1426 intra
752 1385 1076 1438 quinquennium
1093 1397 1102 1423 ε
1132 1384 1270 1434 Opem
1283 1382 1431 1432 implo-

97 1439 208 1478 ravit
226 1443 275 1477 ab
290 1439 436 1479 Amita
457 1439 582 1484 :Ejus
592 1440 767 1478 confluo,
778 1440 1006 1479 Taurinum
1024 1437 1148 1487 petiit
1180 1435 1228 1475 ad
1246 1434 1429 1478 Patrem,

97 1498 148 1530 ut
160 1492 344 1540 sumptus
361 1491 527 1542 agendae
546 1491 635 1530 litis
658 1493 707 1531 ab
723 1505 771 1531 eo
785 1492 1043 1541 {impetraret
1059 1516 1072 1536 ,
1100 1488 1171 1528 sed
1196 1499 1347 1526 vacuus
1365 1499 1430 1544 re-

96 1543 182 1586 diit
201 1545 252 1583 ob
270 1543 401 1584 Patris
416 1543 612 1593 angustias
629 1570 643 1590 ‚
671 1544 738 1595 qui
759 1544 969 1584 Bonorum
980 1541 1330 1582 administratione
1348 1551 1433 1597 pri-

97 1605 220 1636 vatus
237 1606 325 1637 erat
340 1610 357 1636 ι.
376 1596 563 1636 Tandem
576 1606 815 1644 recuperata
843 1610 865 1636 a
882 1595 1004 1636 Patre
1030 1595 1237 1633 Bonorum
1256 1592 1432 1648 admi-ni-

94 1649 295 1690 §tratione
310 1676 324 1696 ,
344 1662 428 1689 non
442 1649 595 1689 destitit
608 1649 810 1695 iudicium
829 1649 1043 1689 instaurare
1058 1661 1073 1688 5
1103 1655 1148 1685 ut
1165 1649 1248 1684 haec
1260 1654 1430 1684 omnia.)

102 1700 230 1741 refert
243 1702 388 1741 Amita
406 1701 488 1749 ipsa
502 1701 543 1739 in
558 1701 865 1747 extrajudicia-li
878 1700 1020 1740 emissa
1035 1699 1299 1747 depositione.

54 1753 163 1794 Cum
174 1754 314 1804 itaque
328 1752 617 1792 antecedentia
634 1754 807 1801 probent
828 1777 840 1796 ‚
869 1753 1051 1791 animum
1082 1750 1272 1789 Oratoris
1297 1759 1435 1805 praeor-

104 1805 391 1845 dinatumffnon
406 1803 521 1843 fuisse
538 1805 585 1842 ad
602 1804 804 1843 Habitum
820 1802 1096 1842 affurnendum
1115 1813 1124 1839 t
1150 1807 1433 1840 concomitan-

105 1857 168 1896 tia
197 1858 408 1897 ostendant
441 1853 663 1904 expressum
693 1856 805 1894 illius
837 1854 1049 1895 dissensum
1075 1851 1314 1891 Profeffioni
1330 1862 1356 1908 ἐ
1373 1851 1432 1907 ,ὃς

107 1909 393 1960 subsequentia
408 1908 587 1957 pandant
605 1908 866 1948 voluntatem
895 1907 1076 1953 ejusdem
1095 1906 1228 1944 Statui
1247 1904 1433 1951 Religio-

107 1962 150 2001 so
167 1961 420 2001 contrariam
433 1974 448 2001 5
480 1968 667 1999 autumat
685 1961 839 1999 Orator
855 1986 866 2006 ‚
898 1959 1136 2002 evidentem
1152 1955 1227 1995 effe
1245 1956 1320 1995 suae
1336 1955 1437 1994 Pro-

105 2012 288 2054 feffionis
304 2013 543 2052 nullitatem
559 2038 571 2056 ‚
589 2014 639 2050 ob
654 2012 860 2051 defestum
878 2011 1086 2050 consensus
1108 2035 1120 2053 ‚
1139 2009 1239 2047 licet
1254 2005 1436 2047 deeffent

108 2066 174 2106 vis
194 2092 212 2112 5
224 2067 261 2107 Sc
277 2072 414 2106 metus
430 2090 443 2109 ‚
474 2064 524 2102 ad
536 2064 695 2103 firmata
721 2076 790 2112 per
805 2063 936 2100 Rotam
949 2067 987 2100 in
999 2064 1106 2111 decis.
1115 2067 1205 2109 798.
1220 2073 1363 2103 numa-
1387 2071 1432 2102 ω·

99 2119 181 2169 seq.
200 2132 318 2157 coram
333 2116 466 2156 Molin.
483 2147 498 2155 ,
523 2115 747 2164 Multoque
764 2116 893 2165 magis
908 2125 1072 2158 attento
1088 2115 1148 2154 vis
1162 2139 1174 2157 ‚
1188 2111 1435 2162 metusun

107 2170 337 2216 concursu,
367 2182 540 2221 quorum
561 2168 696 2216 illatio
723 2168 928 2215 repetitur
966 2180 1011 2207 ex
1031 2165 1276 2216 importunis
1293 2163 1436 2220 suasio-

107 2223 228 2264 nibus
247 2249 258 2268 ,
288 2221 678 2272 verbi-squertasperis
695 2244 709 2263 ,
736 2221 773 2259 ἃ
796 2220 1022 2259 minacibus
1050 2220 1162 2268 supra
1192 2216 1400 2256 recensitis
1417 2237 1434 2259 ‚

108 2288 196 2326 quoe
211 2275 250 2313 in
267 2274 466 2314 imbecilli
480 2273 754 2312 Adolescente
768 2296 781 2316 ‚
811 2273 849 2311 Sc
867 2273 905 2311 in
922 2272 1061 2311 animo
1073 2269 1220 2319 pavido
1235 2279 1331 2308 eum·
1345 2279 1434 2324 pro-

109 2327 266 2367 ducunt
287 2326 477 2366 effeffihim
495 2352 508 2371 ,
536 2336 654 2375 quem
673 2324 712 2362 in
726 2325 865 2363 animo
879 2323 1101 2365 Virifortis
1116 2350 1129 2369 ,
1162 2324 1199 2362 &
1214 2322 1433 2378 constantis

102 2380 290 2428 ,pestoris
302 2379 490 2428 producit
506 2376 880 2417 vehementissimus
894 2385 1028 2416 metus
1043 2389 1065 2416 a
1076 2374 1326 2428 gravioribus
1343 2382 1434 2412 cau-

111 2432 161 2469 fis
176 2432 398 2480 procedens
418 2462 428 2470 .

58 2479 116 2523 Et
129 2483 232 2523 nihil
250 2487 402 2525 obstare
419 2482 609 2524 defendit
624 2482 940 2522 ratificationem
967 2482 1224 2529 desumptam
1250 2476 1318 2518 vel
1336 2475 1435 2534 asu-

111 2535 323 2584 sceptione
339 2537 546 2577 Ordinum
564 2563 576 2582 ‚
590 2536 656 2575 vel
672 2536 937 2581 ajuramento
956 2534 995 2572 in
1012 2534 1180 2575 illorum
1195 2537 1441 2584 receptione

111 2588 284 2638 prae'stito
306 2590 356 2629 de
372 2588 619 2628 Profeffione
637 2588 765 2626 libere
780 2585 916 2626 emifl'a
932 2611 945 2631 ‚
974 2587 1041 2626 vel
1058 2598 1080 2624 a
1098 2585 1208 2634 lapsu
1233 2590 1433 2636 tempor38

99 2653 210 2681 icum
224 2642 444 2690 gestatione
460 2642 636 2680 Habitus
654 2638 1056 2688 Prossfefforum-..ziiam
1069 2637 1288 2677 arbitratur
1304 2660 1317 2680 ‚
1331 2641 1438 2689 ratl-

114 2693 354 2734 ficationem
372 2696 483 2735 astus
500 2694 604 2734 nulli
622 2704 702 2732 non
716 2691 857 2732 induci
869 2691 946 2731 fine
963 2689 1138 2742 expressa
1154 2690 1267 2729 illius
1295 2688 1441 2726 contir-

169 2747 417 2785 Tom.XXXI.
838 2743 886 2782 M
951 2757 970 2782 2
1352 2746 1438 2776 ma-
