1934 2954
146 181 373 221 IRMANA
400 179 812 223 I’AROCHIALIS.
854 183 1059 232 Propofita
1087 183 1167 222 fuit
1193 187 1275 225 hx:
1302 137 1428 226 cais‘s}
1467 195 1566 244 sess,
1584 207 1643 242 24,
1659 201 1805 244 cap.18.

156 236 193 273 in
212 236 408 283 postrema
425 234 752 284 Congregatione
785 235 917 274 habita
945 234 1011 273 die
1032 248 1092 283 24.
1111 238 1304 282 praeteriti
1320 252 1431 278 men-
1465 248 1510 285 de
1529 247 1686 295 Refhrm,

111 287 157 324 fis
187 286 313 336 julii,
345 288 383 326 Sc
417 287 494 324 Eli.
520 286 594 326 ΡΡ.
623 296 845 326 annuentes
875 288 1059 336 precibus
1077 288 1431 336 DominiciPassa-

113 339 191 377 rini
210 365 221 384 ‚
261 340 550 387 rescripserunt
567 356 594 376 ε
633 340 768 378 Dilata
796 342 845 377 ad
858 340 1066 390 sequentem
1100 345 1261 384 omnino,
1291 345 1431 379 etiarm,

111 395 219 429 unica
236 406 262 427 :
276 420 285 429 .
305 392 428 430 Suum
446 405 550 431 nunc
570 394 731 432 exhibet
747 392 952 431 Libellum
969 392 1211 432 Dominicus
1230 394 1434 434 Pasl'arinis

0 435 1 471 l
113 443 578 484 &irrationabilesuiffe
606 445 819 485 contendit
843 445 1044 490 judicium
1058 446 1368 495 Archiepiscopi
1397 447 1436 485 in

108 497 388 546 praeeleftione
407 497 595 540 Caietani
611 498 803 538 Morettis
820 498 912 546 quia
930 499 1046 542 hujus
1063 499 1210 537 merita
1229 500 1342 537 nullo
1361 500 1441 536 Do-

111 558 310 588 cumento
327 550 543 596 probantur
559 550 597 588 in
614 549 795 589 Proceffu
814 549 1040 589 Concursus
1058 577 1069 596 ,
1089 551 1124 588 in
1143 564 1220 600 quo
1238 552 1318 589 sola
1332 551 1438 589 adest

119 601 313 649 Epitome
331 614 351 639 a
366 601 543 640 Notario
563 601 709 650 scripta
730 627 740 644 ‚
768 603 846 640 fine
866 603 949 640 ulla
969 604 1171 642 relatione
1199 604 1246 642 ad
1262 604 1439 652 origina-

126 653 181 692 lia
199 653 458 693 Documenta
477 680 487 698 ‚
520 655 621 693 licet
648 653 923 701 depromenda
941 653 1076 694 fuiffet
1102 668 1123 694 a
1146 656 1299 700 juribus
1332 666 1440 694 tem-

122 717 218 755 pore
245 707 371 744 habili
404 707 595 745 exhibitis
628 705 667 744 in
694 707 792 744 aetis
823 706 1053 747 Concursus
1074 733 1086 752 ,
1130 717 1174 746 ut
1206 708 1439 757 proestripfit

120 758 200 796 san.
223 770 344 796 mem.
364 757 605 797 Benedid'tus
623 757 736 798 XIV.
768 758 807 797 in
830 758 1048 806 Encyclica
1079 772 1087 797 :
1118 762 1205 798 Cum
1234 761 1330 798 illud
1345 763 1439 798 Con-

109 811 256 861 stit.68.
275 811 382 859 §.16.
403 825 562 855 mma„
580 814 623 855 &⁴
640 824 674 852 3.
704 822 856 850 tom.1.‚·
886 811 1012 850 immo
1042 825 1252 852 erroneam
1271 813 1442 851 demon-

116 864 211 902 strat
239 862 407 901 eandem
425 863 646 912 Epitomen
665 889 676 908 ,
706 862 743 901 in
776 875 854 913 qua
884 863 1126 904 enunciatur
1145 865 1323 903 Moretti
1352 868 1442 903 (Τοπ-1

112 914 287 963 seffarius
317 918 361 952 de
388 930 479 953 anno
498 929 610 961 1753.
628 941 640 960 ,
671 928 763 953 cum
792 925 930 954 tamen
961 928 1006 954 ex
1033 917 1275 956 authentico
1303 917 1442 954 Docu-

118 976 262 1006 mento
293 967 332 1006 in
359 967 470 1007 illius
490 968 719 1007 Summario
752 967 933 1006 exhibito
961 971 1138 1012 constet,
1171 982 1264 1008 eum
1293 967 1437 1008 fuisse)

123 1020 390 1068 approbatum
416 1021 464 1059 ad
480 1020 672 1059 Virorum
689 1028 851 1058 tantum
867 1019 1146 1060 Confeffiones
1175 1020 1432 1070 ‘excipiendas

116 1072 186 1110 die
205 1086 267 1109 20.
291 1071 498 1111 Februarii
520 1085 662 1122 1754.,·
690 1072 881 1110 mutilam
895 1072 1022 1111 etiam
1048 1074 1183 1124 arguit
1215 1074 1433 1122 Epitomen

119 1124 282 1164 suarum
319 1125 682 1174 praerogativarum
721 1125 770 1162 ob
795 1123 977 1163 omissam
1005 1126 1052 1164 ab
1081 1127 1224 1165 codem
1256 1125 1432 1164 Notario

117 1176 376 1216 mentionem
395 1205 408 1227 ,
426 1186 516 1217 tum
535 1177 652 1216 studii
670 1176 907 1225 Theologiae
934 1178 1100 1217 moralis
1120 1205 1131 1223 ‚
1148 1178 1214 1217 cui
1244 1188 1437 1226 operam

122 1227 238 1268 dedit
270 1229 309 1268 in
328 1230 606 1272 Univerfitate
625 1228 747 1266 firmi
765 1255 776 1273 ,
793 1238 880 1266 tum
897 1229 1023 1268 officii
1041 1230 1312 1280 praeceptoris,
1330 1230 1437 1280 quod

125 1281 311 1321 exercuit
328 1283 368 1322 in
383 1281 572 1330 Collegio
587 1281 773 1319 Martiali
792 1281 914 1319 Firmi
934 1311 943 1321 .

66 1330 236 1372 Differit
254 1344 447 1381 praeterea
462 1360 474 1378 ,
502 1345 642 1372 omnes
666 1333 844 1377 ejusdem
863 1334 1038 1371 Moretti
1056 1335 1340 1384 praerogativas
1361 1333 1432 1371 ilL)

117 1385 312 1434 Epitome
329 1387 549 1434 descriptas
568 1385 671 1424 haud
688 1384 857 1423 valuiss'e
875 1398 969 1424 eum
986 1384 1156 1424 reddere
1183 1387 1431 1436 digniorenu

118 1449 213 1476 cum
230 1437 334 1478 ineo
350 1439 514 1480 deficiat
536 1449 695 1476 morum
728 1436 905 1486 gravitas
922 1463 934 1481 ‚
964 1438 1259 1484 mansuetudo,
1290 1441 1327 1477 ἃ
1344 1450 1438 1486 pru-

122 1489 266 1528 dentia
297 1491 337 1530 in
370 1495 486 1532 rebus
515 1490 710 1539 agendis,
742 1498 787 1528 ut
814 1488 997 1537 pandidit
1015 1490 1189 1538 primum
1215 1492 1253 1529 in
1274 1491 1435 1530 Terra--

123 1540 283 1580 Montis
314 1543 478 1584 florum
497 1569 508 1588 ‚
539 1542 605 1580 ubi
639 1550 819 1580 remotus
845 1541 924 1580 fuit
952 1554 972 1580 a
998 1554 1165 1583 munere
1195 1542 1433 1581 Confeffarii

120 1593 370 1633 Monialium
388 1623 400 1641 ‚
430 1598 544 1642 juxta
585 1593 879 1641 depositionem
911 1593 1036 1631 trium
1069 1594 1249 1633 Testium
1281 1595 1434 1634 libellis

117 1645 205 1684 SaC.
236 1645 555 1697 Congregationi
575 1646 887 1694 Episcoporum‚
920 1646 959 1685 St
976 1646 1240 1695 Regularium
1267 1647 1433 1690 oblatis,

117 1699 280 1747 ejusque
305 1701 556 1740 consetsiario
586 1699 780 1745 rescripto
806 1698 1109 1745 con‘iprobatam
1129 1726 1141 1744 ‚
1170 1701 1206 1739 Sc
1223 1700 1369 1739 deinde
1388 1698 1428 1737 in

117 1749 200 1797 ipsa
220 1750 349 1789 Terra
365 1753 548 1791 Orticjni
567 1774 579 1793 ,
610 1750 676 1788 ubi
694 1752 773 1797 post
800 1750 990 1794 adeptam
1012 1750 1261 1789 parochialis
1290 1748 1434 1799 posses-

113 1801 265 1839 fionem
284 1803 554 1849 plurimorum
567 1801 793 1838 concitavit
810 1800 949 1841 odium
966 1824 978 1843 ,
1008 1802 1046 1839 ὃς
1079 1801 1404 1849 aegreferentiam
1419 1827 1431 1846 ‚

117 1853 157 1892 &
187 1853 301 1892 fovet
331 1866 488 1894 amores
518 1856 592 1894 succ
623 1852 905 1891 Sororiscum
933 1850 1088 1900 Juvene
1114 1853 1214 1891 Loci
1241 1853 1430 1897 oriundo,

117 1904 225 1943 istius
256 1906 549 1945 reluftantibus
567 1904 828 1943 Genitoribus
848 1929 860 1948 ‚
873 1911 934 1943 ut
960 1904 1138 1951 pluribus
1155 1905 1335 1944 Testibus
1350 1931 1362 1949 ,
1393 1907 1430 1944 Sc

117 1956 306 2005 Epistolis
322 1954 892 2006 VicariiApostoliciprobari
907 1957 1193 1996 contenditur.
1221 1956 1311 1996 Nec
1342 1969 1430 2005 pro-

119 2007 226 2047 deffe
256 2018 447 2048 autumat
470 2011 571 2055 juris
599 2008 950 2057 praesumptionem
976 2006 1185 2047 faventem
1215 2008 1429 2047 Ordinarii

120 2060 280 2110 Judicio
298 2087 310 2106 ‚
343 2063 437 2112 quia
462 2062 672 2101 Firmanus
705 2059 1045 2108 Archiepiscopus
1076 2059 1319 2109 jampridem
1332 2073 1430 2110 apo-

119 2112 254 2162 plexia
269 2122 482 2163 correptus
500 2114 664 2153 noscere
678 2112 814 2150 omnia
829 2112 949 2158 plene
966 2124 1045 2150 non
1067 2120 1231 2161 poterat
1247 2138 1260 2157 ‚
1287 2125 1363 2163 qua
1376 2114 1426 2152 de

119 2177 162 2204 re
176 2177 275 2212 opus
293 2164 372 2205 fuit
391 2166 602 2206 Vicarium
619 2163 901 2213 Apostolicum
920 2163 984 2202 illi
1008 2163 1251 2214 adjungere:
1280 2165 1317 2204 Sc
1336 2165 1431 2216 quia

118 2216 328 2256 Morettus
349 2218 678 2265 praeelestionem
704 2215 886 2255 obtinuit
911 2216 1041 2265 gratia
1056 2215 1430 2256 FamiliariumAr-

118 2268 367 2318 chiepiscopi
386 2296 399 2316 ‚
431 2279 476 2309 ut
513 2270 591 2310 duo
609 2268 748 2309 Testes
777 2267 979 2307 affirmant
994 2293 1006 2312 ‚
1037 2269 1075 2308 Sc
1092 2269 1162 2309 alii
1186 2269 1266 2309 duo
1282 2269 1430 2308 testan-

119 2328 187 2360 tur
202 2347 217 2365 ‚
241 2323 288 2360 ab
303 2322 447 2361 eodem
465 2322 655 2361 Moretto
674 2319 866 2360 audivisse
884 2346 898 2365 ,
912 2320 1022 2371 quod>
1034 2333 1081 2361 ea
1098 2322 1306 2361 occasione
1321 2320 1429 2360 dono

115 2372 290 2413 dederat
307 2375 475 2414 scut.2o.

67 2427 122 2466 Et
135 2435 281 2474 praeter
297 2425 481 2466 defectus
497 2424 752 2474 Oppofitoris
773 2424 952 2465 Moretti
971 2451 983 2470 ‚
1012 2424 1080 2464 sua
1094 2426 1262 2465 extollit
1278 2424 1429 2465 merita

116 2485 206 2516 tum
221 2479 465 2518 resultantia
481 2491 527 2519 ex
544 2478 737 2526 Epitome
753 2476 901 2516 inserta
916 2478 954 2516 in
972 2474 1156 2516 Proceffu
1170 2477 1399 2517 Concursus
1413 2502 1428 2521 ‚

115 2536 205 2567 tum
220 2533 478 2580 comprobata
496 2530 612 2570 novis
627 2529 888 2569 documentis
906 2529 947 2568 in
964 2528 1164 2568 hodierno
1200 2529 1430 2569 Summario

117 2580 310 2622 exhibitis
335 2609 348 2629 ,
375 2594 545 2634 quorum
575 2583 772 2632 pleraque
803 2590 940 2622 tamen
970 2581 1117 2630 scripta
1140 2581 1308 2621 fuerunt
1342 2583 1425 2629 post

115 2634 324 2681 peraetum
338 2636 576 2676 concursum
591 2661 604 2680 ‚
621 2636 659 2674 Sc
679 2634 820 2684 quibus
835 2636 987 2673 constat
1004 2650 1023 2679 ,·
1036 2633 1164 2683 ipsum
1182 2634 1423 2674 Paffarinum

112 2687 449 2730 commendatum
464 2686 538 2729 esse
554 2688 601 2729 ab
616 2686 814 2738 Episcopo
831 2686 989 2729 Montis
1004 2685 1115 2732 Ani,
1132 2687 1172 2727 in
1188 2701 1236 2728 cu
1240 2687 1303 2734 jus
1320 2686 1424 2777 Die?

222 2754 225 2756 ⁷
1348 2750 1395 2777 ce
1412 2749 1425 2776 1
