1934 2954
525 115 545 146 3
555 116 574 141 2

527 156 704 192 rationem
717 154 938 204 eleemosynae
953 154 1127 192 manualis
1142 179 1154 198 ‚
1171 166 1264 190 more
1279 154 1382 190 vrbis
1397 153 1544 202 inssoeffo
1560 177 1572 196 ‚
1589 152 1713 189 habita
1728 161 1848 190 tamen

525 209 665 244 ratione
682 207 840 256 expensae
850 211 1040 254 Sacrorum
1056 208 1265 255 vtenfilium
1282 218 1296 244 3
1328 205 1363 243 Sc
1378 206 1425 242 ad
1445 213 1569 243 novas
1587 215 1726 253 preces
1758 203 1853 242 Hae-

520 258 629 297 redis
654 259 917 308 supplicantis
947 272 1018 307 pro
1032 258 1239 298 taxatione
1256 257 1522 304 eleemosynae
1551 257 1600 295 ad
1617 256 1850 294 rationem.»

516 310 730 350 obulorum
746 312 978 362 quindecim
1007 324 1077 361 pro
1091 311 1270 361 qualibet
1291 306 1407 347 Missa
1423 334 1435 351 ‚
1463 318 1506 347 ut
1524 308 1561 346 in
1576 307 1776 355 pertinaci
1792 320 1851 347 re-

504 363 719 407 -lut‘tantia
742 363 942 403 dictorum
960 362 1153 403 Patruum
1169 360 1343 401 inveniri
1363 359 1487 408 posset
1503 360 1670 411 aliquod
1687 359 1847 398 Monia-

518 413 622 454 lium
636 415 924 456 Monasterium
942 442 952 462 ,
984 415 1088 467 quod
1105 427 1203 454 onus
1223 412 1442 453 earundem
1457 410 1665 468 Miffarum
1683 411 1853 451 affume-

520 475 586 505 ret
603 491 615 508 s
644 467 790 507 eadem
809 469 926 508 Sacra
942 468 1216 517 Congregatio
1242 466 1310 505 die
1332 477 1391 507 13.
1411 464 1556 502 Martii
1589 478 1700 511 1717.
1732 467 1855 502 Stetit

523 523 562 556 in
578 520 713 569 Decists
729 544 740 563 ‚
774 523 816 563 ὡ*
832 523 1124 560 committendum
1142 520 1277 568 censuit
1290 542 1303 560 ,
1329 526 1436 566 prout
1445 517 1629 565 prasentis
1649 519 1783 555 decreti
1799 526 1850 553 te-

519 583 603 608 11078
617 576 806 610 committit
818 575 1088 620 Eminentiffimo
1108 574 1211 610 ‘Urbis
1230 571 1370 609 Pro-‘V
1366 571 1478 608 icario
1495 594 1508 612 ‚
1521 579 1562 606 ut
1579 592 1592 611 ‚
1609 569 1672 618 nist
1696 569 1851 607 PP.Lc-

514 626 657 672 gatarii
695 637 778 662 onus
809 629 1074 675 acceptaverint
1100 626 1199 672 infra
1226 625 1417 660 terminum
1444 623 1488 658 ab
1515 622 1560 659 E.
1590 622 1632 659 S.
1660 621 1849 669 prefigen-

519 675 607 712 dum
631 675 842 722 adformam
857 681 993 716 decreti
1009 679 1042 713 S
1044 678 1393 726 ac.Congregacionis
1411 697 1423 715 ‚
1455 673 1564 710 aliam
1577 672 1768 721 Ecclesiam
1774 673 1846 722 fibi

517 726 721 776 benevis'am
733 731 879 778 deputet
885 741 947 781 pro
962 727 1336 776 difflarumstdtffarum
1349 724 1598 768 celebratione,
1605 733 1650 762 ut
1666 723 1706 763 in
1719 724 1811 763 lih.6
1814 737 1850 771 7.
1896 727 1899 731 ’

520 779 654 818 decret.
669 789 748 829 pag.
763 787 830 828 96.
1339 795 1342 798 ’

470 828 536 869 Sic
554 831 707 879 pariter
725 833 764 871 in
777 846 854 872 una
868 837 1108 884 Caputaquen.
1127 860 1139 879 ,
1157 834 1196 872 in
1209 844 1286 882 qua
1301 831 1494 884 agebatur
1509 827 1713 878 delegato
1727 835 1848 867 certae

518 882 681 921 summae
698 884 736 922 in
753 886 926 925 cenfibus
946 885 1200 925 investienda:
1217 909 1230 930 ‚
1261 892 1306 921 ut
1321 894 1369 921 ex
1385 882 1578 921 trufflbus
1595 881 1852 919 celebraren-

527 942 595 973 tur
634 944 700 974 tot
736 936 862 976 Missa:
891 962 904 982 ‚
951 946 1051 988 quot
1091 937 1174 976 illis
1213 933 1500 983 responderent
1540 933 1589 972 ad
1619 932 1853 971 rationem-a

519 987 791 1036 eleemosynae
803 1001 1020 1039 granorum
1037 990 1190 1038 septem
1208 1000 1280 1037 pro
1297 987 1505 1036 qualibetsss
1518 985 1555 1025 δε
1573 986 1695 1036 quum
1715 984 1853 1023 Eccle-

516 1037 570 1077 fia
583 1037 799 1088 Legataria
825 1050 922 1080 ante
936 1041 1265 1089 acceptationem
1294 1039 1536 1088 supplicaret
1553 1049 1625 1086 pro
1651 1035 1856 1092 reduffiq-

520 1101 572 1128 ne
599 1091 648 1129 ad
675 1092 876 1131 rationem
893 1093 1160 1140 eleemosynae
1187 1099 1392 1141 perpetuae
1405 1104 1420 1130 ,·
1447 1089 1560 1128 Sacra
1581 1088 1855 1139 Congregatio

526 1139 596 1179 die
629 1155 648 1184 3
660 1156 692 1180 1.
709 1142 808 1191 Julii
831 1157 898 1191 171
909 1157 942 1191 7.
969 1145 1175 1193 instantiam
1187 1141 1319 1195 rejecit
1333 1167 1346 1186 ‚
1363 1145 1406 1186 ὠ·
1423 1142 1560 1189 censuit
1574 1164 1587 1184 ‚
1602 1141 1734 1189 Miffc'zs
1748 1141 1850 1190 aste,

524 1192 758 1232 celebrandas
772 1196 822 1233 ad
836 1200 1010 1234 rationem
1038 1195 1256 1246 eleemosynae
1280 1192 1456 1233 manualis
1472 1218 1485 1237 ‚
1511 1193 1657 1242 inspeffo
1685 1192 1857 1242 Regionis

523 1258 622 1282 more
637 1271 649 1290 ‚
683 1251 783 1285 utin
799 1246 863 1287 lib.
882 1252 944 1294 67.
960 1250 1093 1285 decret.
1120 1257 1202 1296 pag.
1221 1252 1309 1290 316.
1351 1244 1498 1284 Simile
1522 1242 1705 1294 legatum
1729 1253 1853 1284 certae

521 1297 768 1348 quantitatis
786 1323 799 1342 ,
824 1312 917 1338 cum
943 1311 1066 1339 onere
1083 1298 1314 1339 celebrandi
1341 1309 1387 1335 ex
1414 1295 1610 1334 fructibus
1637 1306 1700 1336 tot
1718 1296 1855 1336 Miffas

522 1348 566 1387 in
581 1361 731 1398 genere
755 1375 768 1395 ‚
799 1353 1095 1400 proponebatur
1122 1351 1160 1390 in
1180 1364 1256 1391 una
1286 1349 1504 1399 Praenestina
1528 1349 1590 1385 die
1617 1361 1675 1393 ις.
1707 1349 1857 1398 Janua-

523 1404 574 1440 rii
595 1407 709 1448 1718.
727 1428 739 1447 ‚
772 1403 811 1443 ὃς
827 1416 920 1442 cnm
951 1403 1055 1442 illud
1087 1400 1358 1451 repudiaffent
1376 1401 1456 1439 duo
1466 1400 1704 1440 Conventus
1723 1401 1857 1451 Lega-

523 1452 621 1492 tarii
636 1478 648 1498 ‚
689 1454 808 1493 Sacra
822 1464 826 1469 ·
839 1455 1115 1505 congregatio
1144 1455 1322 1504 permifit
1362 1453 1474 1492 illius
1498 1453 1857 1502 acceptationem.»

525 1503 875 1546 Confraternitati
892 1508 1215 1556 Agonizantium
1233 1532 1246 1552 ‚
1275 1510 1331 1544 ita
1343 1517 1461 1543 tamen
1492 1515 1534 1544 ut
1547 1505 1667 1555 Miffae
1680 1507 1861 1545 celebren-

525 1565 590 1594 tur
603 1559 652 1594 ad
663 1563 839 1597 rationem
857 1560 1054 1610 elemosyna
1070 1560 1244 1598 manualis
1259 1586 1271 1605 ‚
1297 1559 1448 1608 inspei‘t'o
1462 1558 1631 1607 Regionis
1644 1568 1802 1606 mare,ut
1817 1563 1860 1597 in

524 1607 658 1649 lib.68.
675 1613 807 1650 decret.
822 1622 945 1662 pag.9.
964 1641 974 1650 .
1003 1613 1055 1651 Et
1074 1612 1113 1651 in
1125 1612 1315 1652 terminis
1331 1610 1477 1661 Legati
1491 1619 1612 1651 certae
1629 1621 1760 1664 quotae
1779 1611 1862 1650 fru-

525 1661 666 1718 {tuum
685 1663 957 1705 Haereditatis
987 1664 1279 1713 erogandorum
1307 1665 1489 1712 quolibet
1503 1675 1605 1703 anno
1622 1665 1663 1704 in
1679 1665 1864 1705 celebra-

528 1722 690 1753 tionem
705 1715 914 1756 Miffarum
931 1743 944 1762 ‚
971 1717 1052 1756 fine
1067 1716 1333 1765 praefinitione
1351 1717 1538 1762 numeri,
1555 1728 1648 1756 cum
1667 1717 1862 1767 supplica·-

526 1773 618 1823 tum
637 1766 775 1808 fuiffet
804 1781 874 1818 pro
890 1778 1008 1819 parte
1022 1768 1178 1808 Altaris
1192 1769 1386 1819 legatarii
1400 1793 1413 1813 ,
1428 1778 1472 1808 ut
1486 1771 1730 1810 statueretur
1744 1781 1864 1820 quan-

522 1826 626 1857 tltas
647 1821 918 1870 eleemosynae
935 1849 947 1869 ‚
967 1822 1086 1860 Sacra
1101 1820 1377 1870 Congregatio
1395 1821 1434 1859 in
1449 1820 1864 1870 Fulginaten.26.Mar-

525 1873 574 1908 tii
592 1876 704 1918 1718.
724 1873 922 1923 rescripsit
945 1875 1115 1923 praefatos
1128 1873 1260 1922 Mffin
1276 1873 1504 1911 celebrandas
1517 1875 1586 1924 effe
1603 1874 1720 1928 juxta
1746 1888 1862 1924 quan-

521 1925 670 1960 titatem
701 1928 910 1965 reddituum
940 1929 989 1964 ad
1019 1929 1194 1964 rationem
1223 1926 1440 1977 eleemosynae
1466 1930 1641 1966 manualis
1672 1953 1685 1972 ‚
1712 1927 1862 1977 inspek‘t‘o

522 1976 693 2024 Regionis
712 1991 805 2016 more
819 2005 832 2025 ,
862 1979 1049 2027 reservata
1064 1988 1181 2016 tamen
1201 1979 1386 2028 Sacristiae
1406 1983 1568 2028 portione
1585 1990 1649 2030 pro
1673 1976 1859 2030 expensa-a

521 2027 824 2068 paramentorum
837 2055 850 2074 ‚
858 2033 927 2080 seu
937 2033 1129 2070 Sacrorum
1140 2031 1344 2080 utenfilium
1359 2034 1511 2070 arbitrio
1525 2033 1689 2083 Episcopi
1716 2058 1729 2078 ,
1759 2039 1804 2070 ut
1819 2030 1862 2069 in

518 2079 620 2116 {ib-6
623 2084 660 2119 8.
676 2083 810 2121 decret.
823 2092 905 2131 pag.
914 2097 928 2121 1
939 2097 958 2120 2
969 2097 1001 2122 1.

476 2129 631 2171 Itidem
648 2131 688 2188 in
705 2145 783 2172 una
798 2134 962 2173 Romana
976 2161 990 2181 ‚
1018 2135 1060 2174 in
1078 2143 1156 2188 qua
1171 2136 1367 2186 agebatur
1383 2134 1433 2177 de
1447 2135 1605 2187 Legato
1621 2136 1722 2179 Loci
1749 2134 1866 2175 unius

520 2182 742 2223 Montium
753 2186 902 2226 relicto
917 2186 1387 2228 Archiconfraternitati
1415 2189 1754 2239 Agonizantium‚
1767 2199 1864 2226 cum

521 2247 649 2275 onere
677 2238 910 2278 celebrandi
928 2250 1030 2277 tante
1043 2240 1161 2288 Meffe
1175 2265 1191 2285 ‚
1223 2242 1287 2280 che
1304 2244 1345 2278 vi
1359 2251 1574 2280 entraranno
1586 2245 1665 2292 ogni
1679 2253 1767 2278 anno
1780 2243 1860 2278 ἔνι-ρ

521 2297 720 2345 perpetuos
748 2302 843 2329 cum
857 2291 1185 2332 Confraternitas
1214 2301 1310 2331 ante
1336 2295 1664 2343 acceptationem
1687 2289 1868 2340 petiisset

526 2349 656 2397 taxari
673 2342 978 2398 eleemosynam
995 2341 1045 2383 ad
1063 2344 1266 2384 rationem
1284 2354 1488 2393 perpetua»
1501 2373 1514 2392 ‚
1545 2347 1660 2386 Sacra
1687 2343 1866 2394 Congre-

518 2401 635 2442 gatto
651 2392 718 2443 dle
740 2409 754 2433 1
765 2408 801 2441 7.
815 2395 926 2445 Junii
953 2410 966 2434 ι
977 2410 996 2443 7
1007 2410 1021 2434 x
1025 2407 1067 2441 9.
1098 2396 1297 2446 rescripsit
1316 2422 1329 2442 ‚
1340 2406 1404 2447 pro
1416 2401 1479 2437 Mi
1510 2411 1614 2437 arum
1626 2395 1866 2435 celebratione

522 2445 574 2481 ad
589 2448 762 2484 rationem
776 2447 952 2486 manualis·
966 2462 983 2489 ,ς
1011 2449 1049 2488 &
1066 2448 1201 2488 rursus
1229 2457 1399 2498 petente
1421 2447 1864 2490 Archiconfraternita-

519 2503 566 2534 te
595 2496 895 2539 detractionem
910 2499 1086 2546 alicujus
1100 2501 1262 2540 summae
1287 2512 1360 2550 pro
1387 2502 1620 2542 utenfihbus
1647 2527 1661 2547 ‚
1685 2501 1862 2542 eadem..

524 2545 646 2585 Sacra
661 2547 938 2602 Congregatio
964 2552 1032 2592 die
1065 2557 1123 2592 18.
1138 2551 1385 2593 Novembris
1411 2552 1592 2599 ejusdem
1605 2553 1725 2598 anui,
1745 2553 1861 2603 perfi-

514 2597 642 2649 stendo
653 2602 693 2637 in
707 2603 877 2642 Decretis
906 2605 979 2653 sub
993 2607 1055 2642 die
1085 2618 1100 2643 1
1109 2617 1144 2651 7.
1164 2604 1276 2655 Junii
1288 2631 1304 2651 ,
1330 2604 1467 2655 censuit
1472 2608 1638 2656 praefiatas
1652 2605 1785 2656 Mffas
1800 2619 1862 2644 ce-

522 2649 717 2691 lebrandas
731 2653 802 2704 effi?
818 2657 867 2694 ad
877 2659 1052 2698 rationem
1079 2657 1304 2710 eleemosyna·
1329 2658 1505 2699 manualis
1523 2683 1541 2706 ,
1565 2672 1660 2700 more
1673 2660 1780 2699 vrbis
1801 2661 1860 2696 in·-

1774 2708 1860 2761 spe-
