1934 2954
1376 110 1451 156 165

64 160 419 251 ASCULANA
438 189 448 199 .
482 159 645 208 Species
675 172 835 211 quoque
863 161 980 206 hujus
996 160 1370 209 Causae-repetenda
1390 165 1444 203 est
1484 159 1656 210 Sess.21.
1688 171 1824 213 cap.4.,

182 229 227 257 ex
245 215 359 254 Folio
382 213 645 263 praecedentis
664 212 1002 264 congregationis
1031 213 1178 253 habitae
1205 213 1274 254 die
1293 229 1354 263 24.
1373 216 1445 264 Ju-
1483 218 1527 261 (ς’
1541 220 1578 255 6.
1602 217 1647 257 de
1662 216 1823 267 Reform.

117 269 196 314 lii,
224 269 263 306 in
280 278 357 317 qua
373 279 467 305 cum
483 266 574 307 aliis
596 267 794 314 proposita
823 276 901 307 non
918 264 999 307 fuit
1014 295 1023 304 .
1054 264 1218 307 Interea
1236 278 1334 306 vero
1352 267 1444 315 Epi-

118 322 260 369 scopus
274 320 489 359 transmifit
505 327 585 359 tres
602 316 806 358 Proceffus
823 343 837 362 ‚
867 331 961 359 cum
976 317 1119 359 notula
1134 318 1441 364 compendiaria

115 372 365 413 meritorum
390 372 447 410 sui
465 370 717 413 Cancellarii
742 370 978 414 Criminalis
1004 370 1044 411 in
1058 370 1443 423 comprobationem
1634 390 1661 411 e„

120 425 234 466 illius
253 424 417 473 integra:
432 423 527 464 fidei
546 454 556 465 .
1637 419 1640 422 ⁴

70 478 116 518 In
157 478 291 526 primo
324 475 507 517 Processu
546 484 689 518 contra
725 476 960 527 Emigdium
989 475 1204 524 Pomponii
1248 474 1444 519 inchoato

121 530 189 571 die
207 544 267 571 20.
286 530 441 578 Aprilis
462 534 575 574 1761.
604 529 653 568 ad
668 530 921 571 delationem
940 529 1114 582 Antpnii
1130 527 1311 571 Merloni
1325 552 1339 571 ‚
1371 528 1443 579 qui

118 582 246 633 passus
275 581 410 622 fuerat
424 581 726 624 accusationem
743 581 872 627 furti,
889 583 1063 625 resultat
1087 580 1217 623 trium
1231 580 1445 621 Testium.»

122 634 338 677 assertione
352 659 364 679 ‚
395 634 627 684 Emigdium
657 634 871 683 Pomponii
900 645 1076 686 quatuor
1091 657 1104 678 ‚
1132 634 1199 673 vel
1234 633 1445 684 quinqua,

119 696 218 729 ante
235 687 347 728 annis
367 687 546 727 elec‘ium
566 686 604 727 in
622 686 919 735 Cappellanum
936 687 1232 734 Coadjutorem
1249 710 1263 731 ‚
1281 685 1446 725 biennio

125 740 352 789 diligenter
367 750 514 778 munus
530 740 643 778 suum
661 739 825 781 obivisie
840 765 853 785 ‚
883 742 1015 790 postea
1044 752 1142 780 vero
1160 739 1320 790 aliquos
1338 737 1377 776 in
1394 749 1446 776 eo

119 790 307 833 descetus
323 790 437 830 fuiffe
453 800 618 834 notatos
634 817 647 837 ‚
673 791 780 843 quod
808 793 1030 843 aliquoties
1043 791 1294 841 Lampadem
1311 789 1448 829 extin-

123 845 232 886 &am
259 855 339 884 nou
373 842 545 884 curasset
573 844 798 884 accendere
815 871 836 890 ,-
858 845 896 885 δε
926 847 1139 889 consuetas
1166 841 1444 886 Proceffiones

123 896 313 937 omiserit
359 896 397 935 in
429 895 559 945 prima
589 922 602 942 ‚
642 898 680 937 &
728 897 857 941 tertia
882 897 1114 943 {Dominica
1149 893 1439 935 antecedentis

118 950 263 990 mensis
282 948 428 991 Martii
445 963 460 988 ,-
485 949 567 989 duo
584 948 769 993 referunt
786 975 799 995 ‚
828 962 923 994 eum
938 949 1079 995 vidisse
1093 958 1281 997 tempore
1295 945 1440 984 Bacca-

119 1001 327 1043 ualiorum
355 1001 497 1041 ludere
529 1002 706 1050 globulis
734 1028 746 1047 ‚
788 1003 856 1042 vel
888 1003 1038 1043 rotulis
1051 1016 1067 1044 ,i
1099 1003 1137 1042 ὃς
1164 1011 1266 1040 unus
1295 998 1411 1037 addit
1424 1022 1440 1043 ,

117 1052 302 1095 omissam
316 1054 362 1095 ab
373 1066 421 1094 eo
437 1051 550 1095 fuisse
572 1053 786 1103 Evangelii
802 1055 1121 1104 explicationem
1136 1078 1148 1098 ‚
1163 1051 1440 1100 eumdemque

118 1106 252 1147 visum
280 1104 357 1149 effe
388 1107 468 1145 fine
484 1106 625 1146 habitu
654 1106 870 1152 clericali,
899 1117 995 1147 ante
1026 1107 1138 1146 suam
1155 1106 1337 1147 Domum
1357 1101 1446 1141 ani-

113 1160 242 1201 malia
258 1171 450 1203 coercere
470 1183 483 1202 ,
501 1159 538 1199 Sc
555 1158 728 1202 Terram
742 1161 882 1199 colere
901 1191 911 1204 .,
929 1161 981 1199 Et
998 1172 1045 1205 ex
1062 1159 1236 1203 alterius
1248 1153 1445 1200 Mulieris

113 1210 368 1261 depositione
385 1210 660 1261 depromitur,
676 1211 782 1262 quod
799 1211 1094 1262 Cappellanus‚
1112 1209 1327 1253 accersitus
1345 1218 1448 1262 quq-

114 1264 211 1303 dam
227 1262 295 1303 die
323 1262 422 1303 festo
449 1264 498 1303 ad
518 1263 630 1302 illius
663 1264 907 1303 audiendam
933 1264 1254 1307 confessionem,
1285 1260 1447 1315 incenit:

114 1316 264 1358 Pueris
282 1328 483 1365 exponere
500 1315 740 1356 Dot‘irinam
757 1316 1026 1359 Christianam
1041 1340 1055 1360 ‚
1070 1318 1108 1357 ὃς
1126 1315 1208 1362 ipsa,
1225 1314 1446 1358 impatiens

111 1380 238 1411 morae
251 1369 299 1407 ab
314 1369 493 1411 Ecclesia
512 1367 674 1408 recessit
691 1368 911 1409 inconfeffa
927 1399 939 1414 .,
953 1370 1094 1419 Atque
1114 1367 1154 1409 in
1172 1366 1303 1405 altera
1323 1362 1443 1406 hujus

110 1418 317 1472 processus,
331 1421 476 1470 pagina
489 1421 644 1471 legitur
657 1422 827 1472 sequens
840 1416 1343 1467 adnotatio=25.Augustii
1354 1418 1444 1469 761.

106 1473 329 1521 Ahsblutus,
340 1483 449 1522 prout
462 1477 501 1511 in
512 1476 675 1522 precibus
688 1488 727 1511 m
737 1474 846 1521 solito
863 1477 970 1513 Libro
990 1473 1153 1523 Regestri
1171 1500 1182 1510 .

59 1525 189 1568 'Alter
207 1524 414 1569 Proceffus
431 1526 651 1570 inchoatus
667 1527 719 1565 est
737 1526 805 1565 die
823 1532 859 1566 8.
875 1526 980 1572 Maji
999 1525 1180 1575 ejusdem
1197 1519 1290 1559 anni
1312 1523 1444 1564 1761·1

113 1591 195 1630 quo
212 1577 424 1628 Emigdius
453 1578 494 1616 d1
514 1578 620 1618 Fede
638 1578 938 1627 Cappellanum
967 1575 1186 1625 Pomponii
1215 1571 1442 1628 accusavit,

115 1629 226 1680 quod
253 1631 366 1673 suam
381 1629 562 1670 Uxorem
589 1631 684 1669 ot‘to
709 1639 805 1670 ante
834 1631 946 1670 annis
978 1627 1172 1670 tentasset
1198 1624 1248 1664 ad
1279 1632 1445 1672 turpia.

113 1681 339 1725 Confirmat
366 1682 478 1727 Uxor
494 1683 589 1727 Viri
614 1683 904 1728 delationem,
934 1693 1097 1722 narrans
1123 1678 1274 1729 passam.
1299 1686 1443 1714 manus

113 1733 386 1783 iniectionem
414 1735 522 1777 circa
538 1736 723 1779 collum,
749 1736 787 1774 δε
805 1732 1180 1783 Pomponiirepulfi
1204 1725 1447 1783 discessum-a

110 1785 193 1824 fine
214 1784 353 1834 aliqua
368 1786 589 1826 verborum.
605 1786 861 1833 prolatione:
880 1786 1024 1835 quibus
1051 1781 1213 1821 accedit
1231 1780 1444 1817 Antonius

111 1835 300 1878 Metloni
315 1836 365 1876 de
377 1835 520 1879 auditu
539 1835 697 1878 incerto
709 1835 1015 1885 deponens.Sed
1025 1832 1206 1872 Thomas
1218 1828 1445 1870 Cardinelli

114 1889 320 1932 Parochus
334 1888 375 1927 in
389 1888 615 1929 contestem
630 1896 803 1927 vocatus
816 1886 1081 1932 aMuliere‚&
1098 1898 1120 1924 a
1132 1882 1258 1929 Curia
1275 1882 1448 1920 interro-

117 1950 241 1992 gatus
258 1941 429 1980 testatur
445 1967 456 1986 ,
474 1938 670 1984 audivisse
687 1941 737 1982 ab
751 1940 1049 1989 ipsaMuliere,
1063 1937 1171 1988 quod
1188 1935 1261 1974 illa
1276 1933 1450 1971 Calum-

116 1993 292 2036 niatoris
306 1992 682 2040 pollicitationibus
705 1992 867 2039 seducta
884 1992 1020 2031 fuerat
1051 1989 1099 2028 ad
1116 1986 1448 2039 Cappellanqm

117 2045 391 2090 accusandum
409 2074 418 2085 .
450 2045 502 2084 Et
520 2045 586 2087 his,
616 2044 923 2094 probationibus!
951 2040 1176 2088 absolvitur
1207 2038 1413 2078 Proceflus
1432 2060 1450 2086 2

120 2098 160 2139 in
183 2112 264 2150 quo
280 2099 441 2139 nullum
453 2105 619 2147 apparet
640 2097 774 2135 latum
788 2096 1015 2136 Decretum
1034 2124 1045 2134 .

59 2147 236 2196 1Tertius
256 2149 464 2190 processus
478 2149 527 2189 ad
537 2148 794 2192 delationem
804 2148 965 2198 Josephi
978 2143 1225 2196 Cappelli,&
1237 2136 1444 2200 diciorum

113 2204 293 2246 Antonii
312 2201 509 2247 Merloni‚
526 2202 565 2241 Sc
584 2200 767 2250 Emigdii
781 2201 824 2247 di
838 2201 946 2241 Fede
961 2224 976 2245 ,
994 2199 1214 2246 inchoatus.
1227 2194 1308 2234 fuit
1321 2194 1390 2233 die
1403 2199 1444 2233 6.

114 2255 367 2299 Novembris
386 2254 572 2304 proxime
589 2253 818 2302 praeteriti,
846 2261 990 2292 contra
1008 2250 1238 2297 Parochum
1252 2271 1266 2291 ,
1282 2247 1321 2286 ὃς
1334 2245 1444 2294 Cap-

115 2310 330 2360 pellanum
349 2332 366 2352 2
392 2309 509 2356 super
543 2305 773 2350 defectibus
803 2308 844 2346 in
873 2304 1080 2347 exercitio
1105 2302 1223 2341 Curae
1240 2328 1254 2345 .,
1296 2297 1439 2356 Unde-

115 2362 201 2402 cim
220 2360 364 2404 Testes
392 2360 432 2398 in
446 2372 494 2399 eo
511 2358 735 2400 examinati
752 2357 934 2398 Parocho
958 2355 1165 2402 objiciunt
1181 2353 1441 2409 decrepitam

115 2421 282 2456 aetatem
301 2439 317 2459 ,
343 2412 526 2453 debilem
547 2411 735 2456 auditum
763 2435 781 2455 ,
825 2409 1084 2450 residentiam
1112 2409 1156 2450 in
1179 2404 1295 2460 Villa
1322 2401 1441 2460 Podii

117 2465 324 2505 Parochiae
353 2464 604 2514 caeteroquin
629 2463 757 2501 Castri
784 2461 1006 2506 Gimiliani
1033 2459 1149 2498 unita
1174 2482 1189 2503 ,
1217 2456 1439 2505 aliquoties

116 2516 385 2560 intermissam
411 2515 705 2565 expositionem
720 2513 936 2566 Evangelii
954 2536 967 2558 ‚
1000 2511 1246 2557 electionem
1262 2507 1439 2556 Cappel-

117 2569 204 2609 lani
223 2570 382 2621 Populo
397 2569 512 2608 invisi
525 2593 539 2613 2
568 2569 606 2607 Sc
635 2567 1005 2611 deteriorationem
1033 2565 1232 2602 bonorum
1251 2559 1440 2616 Ecclesiae

115 2622 331 2680 sequutam
361 2621 541 2668 eiusdem
572 2618 815 2670 Cappellani
844 2617 1000 2659 incuria
1015 2630 1031 2658 ‚·
1068 2615 1119 2654 de
1150 2625 1228 2664 qua
1256 2611 1440 2651 deterio-

115 2684 279 2716 ratione
308 2675 516 2727 bonorum-
546 2673 626 2714 duo
655 2671 844 2713 hodierni
875 2669 1027 2712 Coloni
1055 2668 1280 2711 testantur,
1329 2662 1440 2754 quq}
