1934 2954
1354 114 1397 140 21
1409 109 1428 145 ς

106 163 217 196 extra
249 150 410 192 Moenia
427 148 610 190 'Auximi
630 180 640 190 .
669 148 806 200 Qare
834 146 979 188 Dubiis
996 145 1024 192 ,⁶
1042 160 1126 199 quae
1160 157 1277 192 erant
1303 153 1333 192 Ι.
1364 156 1436 193 An

103 208 137 245 F
142 208 297 258 estivitas
314 206 421 242 Beati
438 203 586 253 Josephi
611 218 632 241 a
651 206 842 254 Cupertino
857 203 908 253 stt
927 200 1144 240 celebranda
1160 204 1319 252 quolibet
1344 219 1433 244 anno

105 262 229 299 eadem
241 257 396 307 impensu
413 280 424 299 ‚
454 270 521 306 qua
534 259 714 296 retroaffis
743 259 843 296 annis
875 255 1093 293 celebratum
1101 255 1180 301 fuit
1192 256 1435 307 Anniversa-

104 316 200 351 rium
223 320 286 360 pro
313 308 389 362 ejus
417 310 564 346 Anima
595 336 608 355 ,
629 308 749 362 juxta
775 307 1031 359 dispositionem
1058 309 1279 357 Epimenidis
1305 311 1385 358 ‘Drfi
1410 310 1432 347 ε’

104 366 155 404 ΙΙ.
185 365 255 402 An
271 386 283 405 ⁷
302 363 395 405 &ad
413 375 487 411 quae
493 362 669 411 solemnia
687 364 747 407 ,1⁹⁶5-
749 361 916 411 sumptus
931 370 1099 398 teneatur
1113 361 1325 399 Haereditas
1337 364 1428 410 Epi-

106 415 261 454 menidis
279 415 371 464 Ursi,
389 415 560 464 occafione
575 428 698 452 annuae
708 417 928 454 recurrentis
943 411 1170 463 Festivitatis
1185 410 1435 464 ejusd.Beati?

105 469 225 508 Sacra
246 468 322 505 haec
339 466 615 515 Congregatio
634 465 838 515 respondit
853 481 880 502 =
899 467 976 504 Ad
990 467 1021 504 I.
1040 468 1234 514 Negative
1252 495 1262 505 .
1291 466 1368 502 Ad
1379 466 1430 504 II.

105 518 357 572 Tenerijuxta
374 529 496 556 votum
511 519 675 568 Epzscopi
686 548 696 558 .

51 573 267 613 Reclamat
299 570 571 619 Cappellanus
591 601 600 610 .
631 572 684 609 Et
714 569 894 614 disserit,
921 570 1093 609 allatum
1111 569 1343 618 exemplum
1368 570 1432 608 so-

99 623 331 665 lemnitatis
345 622 383 661 S.
400 622 540 662 Mariae
559 623 608 660 ad
624 622 755 668 Nives
785 623 894 661 redte
911 623 1078 672 quidem
1095 622 1264 671 proponi
1293 623 1341 661 ad
1369 621 1431 660 in-

95 676 427 726 terpretandum,
446 676 559 719 juxta
575 674 769 723 Regionis
784 686 941 713 morem
953 700 966 720 ,
985 673 1396 725 verbumsolennizare
1411 698 1426 717 ,

100 729 170 769 sed
188 727 330 769 errasse
356 726 597 776 Episcopum
622 725 839 767 referendo
856 752 869 771 ,
900 727 1047 767 ineam
1077 728 1236 767 causam
1268 726 1429 775 erogari

99 793 234 822 annua
252 781 364 821 scuta
382 793 416 824 7.
439 805 450 824 ,
471 779 538 818 vel
557 780 677 825 paulo
694 780 809 827 pluss
839 782 933 819 cum
963 779 1324 820 Administratores
1338 780 1434 818 Hae-

99 832 288 874 reditatis
303 831 536 881 Hyacinthi
551 831 685 871 Carofi
701 833 896 872 testentur
916 857 929 876 ,
961 833 1058 871 duas
1088 833 1208 871 libras
1223 832 1333 872 Cerae
1349 857 1362 877 ‚
1391 832 1430 871 Sc

99 887 313 928 scut.3.5o.
330 895 352 922 a
367 884 405 922 se
424 884 588 933 praestari
604 885 809 924 occasione
833 884 945 924 illius
967 884 1212 924 Festivitatis
1231 897 1302 933 pro
1319 885 1433 923 elee-

97 939 268 986 mosyna
281 933 406 975 Miffae
426 948 520 974 cum
534 945 684 981 cantu,
713 936 968 988 aliarumque
982 937 1183 976 lestarum
1202 936 1431 986 vigintino-

96 1002 194 1030 vem
211 1002 258 1030 ea
271 988 337 1027 die
355 988 693 1029 celebrandarum
708 1002 722 1028 ,·
750 990 1000 1040 proindeque
1013 992 1212 1036 majorem
1229 990 1430 1028 summam

95 1039 434 1082 contribuendam
465 1053 486 1079 a
501 1041 543 1080 se
572 1054 650 1080 non
668 1041 745 1081 esse
774 1041 992 1081 contendit
1007 1066 1020 1085 ,
1048 1054 1141 1082 cum
1176 1042 1426 1089 praesertim-1

93 1094 230 1134 multo
244 1093 376 1132 minor
393 1093 548 1136 summa
563 1104 755 1143 erogetur
786 1107 858 1144 pro
888 1093 1027 1136 festiva
1058 1094 1335 1134 celebratione
1366 1105 1432 1131 re-

95 1147 299 1187 currentis
315 1147 538 1189 memoriae
564 1145 812 1185 Nativitatis
856 1147 987 1186 Beatae
1008 1147 1148 1187 Mariae
1175 1145 1354 1195 Virginis
1384 1145 1434 1183 ab

97 1199 247 1239 eodem
262 1198 459 1248 Episcopo
477 1198 606 1248 Spada
625 1199 665 1237 in
681 1199 901 1238 enunciata
916 1200 1094 1239 Ecclesia
1114 1200 1264 1238 Sanftae
1283 1197 1431 1236 Mariae

98 1252 149 1291 de
166 1250 454 1291 Misericordia
473 1251 716 1300 praescripta:
735 1253 772 1291 Sc
789 1251 827 1290 in
843 1251 1081 1291 Festivitate
1098 1251 1232 1290 Sant‘ti
1247 1249 1429 1299 josephi,

104 1317 189 1355 quae
201 1303 423 1353 sumptibus
438 1303 713 1351 Cappellaniae
733 1304 782 1342 de
797 1303 1001 1352 Prosperis
1028 1305 1261 1343 celebratur
1297 1302 1337 1339 in
1361 1300 1435 1339 Ec-

99 1356 219 1395 clefia
233 1354 599 1395 confraternitatis
620 1356 773 1399 Mortis
800 1355 994 1400 Auximi,
1022 1356 1273 1394 insumantur
1299 1353 1434 1392 solum

101 1409 203 1447 scut.
219 1420 256 1455 4.
273 1420 333 1450 252
352 1419 422 1456 pro
440 1407 542 1447 Cera
558 1433 572 1452 ‚
606 1407 735 1453 Miffis
750 1409 868 1447 lestis
885 1433 897 1453 ,
915 1409 953 1447 Sc
969 1408 1130 1448 musicis
1148 1406 1433 1458 concentibus,

101 1460 247 1511 quibus
281 1460 422 1509 primae
439 1486 451 1505 ‚
478 1463 516 1500 &
547 1461 728 1505 secundze
755 1461 939 1509 Vesperae
954 1486 967 1506 ‚
997 1473 1090 1500 cum
1120 1459 1239 1498 Missa
1256 1457 1433 1496 solemni

99 1513 375 1551 decantantur
393 1525 402 1550 z
420 1513 624 1563 longeque
642 1512 819 1552 minores
838 1515 911 1553 sint
929 1512 1107 1561 expensae
1121 1510 1285 1560 erogari
1303 1509 1433 1548 solitae

96 1563 279 1604 aMensa
297 1565 528 1618 Episqopali
553 1577 624 1612 pro
639 1565 730 1603 aliis
762 1565 958 1604 fimilibus
987 1564 1289 1604 Festivitatibus
1318 1562 1432 1601 cele-

96 1616 256 1656 brandis
273 1615 314 1655 in
330 1617 511 1659 Ecclesia
525 1616 763 1664 Cathedrali
782 1645 791 1656 .
824 1617 913 1658 Imo
929 1629 1003 1655 nec
1022 1616 1074 1655 ad
1088 1613 1430 1655 contribuendam

99 1681 190 1708 eam
206 1669 405 1709 summam
423 1669 558 1710 teneri
577 1669 754 1718 disputat
770 1694 783 1714 ‚
814 1681 909 1707 cum
941 1669 991 1708 de
1024 1667 1325 1708 solemnizanda
1356 1665 1432 1705 Fe-

97 1720 285 1760 stivitate
322 1730 511 1769 gravatus
525 1722 572 1759 fit
586 1744 599 1764 ²
629 1733 709 1760 non
741 1722 791 1760 de
808 1721 947 1771 aliqua
963 1721 1122 1758 summa
1135 1717 1435 1758 Conventuali-

98 1773 171 1811 bus
189 1771 400 1821 praestanda
416 1802 425 1811 .

46 1828 210 1874 *Verum
227 1822 541 1873 ponderandum
561 1824 614 1861 est
627 1847 640 1867 ‚
654 1823 760 1873 quod
775 1835 845 1872 pro
861 1822 1102 1863 Festivitate
1120 1822 1271 1862 Sandiae
1287 1820 1434 1859 Mariae

101 1875 152 1917 ad
170 1875 300 1914 Nives
315 1901 329 1921 ‚
365 1876 472 1915 ultra
488 1875 688 1916 summam
702 1876 979 1916 contributam
1007 1877 1054 1914 ab
1072 1874 1335 1914 Haereditate
1353 1873 1435 1911 Ca-

100 1929 192 1968 rofii
208 1954 220 1974 ‚
245 1926 448 1966 Parochus
462 1928 623 1977 supplet
638 1928 689 1967 de
703 1927 867 1977 proprio
879 1928 1056 1978 reliquas
1072 1926 1262 1975 expensas
1279 1950 1292 1970 ‚
1307 1925 1435 1975 usque

101 1981 155 2020 acl
170 1982 368 2020 summam
386 1980 593 2018 scutorum
608 1994 643 2027 7.
662 1979 828 2019 circiter
840 2004 853 2024 ,
879 1989 925 2019 ut
942 1980 1025 2028 ipse
1041 1980 1208 2019 testatus
1225 1978 1278 2017 est
1304 1976 1344 2015 in
1359 1977 1433 2016 de-

100 2033 301 2083 positione
317 2032 414 2071 data
429 2032 469 2070 in
487 2032 716 2071 Summario
745 2033 863 2082 ipsius
881 2031 1126 2081 Cappellani
1141 2029 1404 2070 reclamantis
1417 2057 1431 2069 .

99 2086 155 2124 Et
167 2085 474 2124 Conventuales
496 2085 708 2133 excipiunt
724 2110 737 2129 ‚
765 2085 814 2123 ad
831 2084 1137 2133 emulationem
1163 2081 1381 2123 reclamari
1410 2094 1434 2120 a

100 2137 353 2187 Cappellano
370 2161 384 2181 ,
416 2136 518 2175 licet
546 2136 614 2186 ipsi
634 2136 877 2176 resolutioni
902 2137 1234 2188 acquiescerent,
1264 2146 1315 2173 ne
1341 2134 1432 2173 litis

99 2191 284 2239 sumptus
299 2189 559 2228 absorberent
580 2200 669 2227 eam
684 2189 864 2236 pecuniae
880 2189 1158 2240 quantitatem
1173 2212 1185 2233 ,
1218 2199 1304 2238 quae
1333 2185 1430 2225 satis

98 2244 209 2283 foret
223 2255 292 2291 pro
308 2240 556 2291 acquirendo
568 2239 695 2280 fundo
711 2265 725 2284 ‚
750 2240 819 2291 qui
835 2240 1026 2282 redderet
1042 2252 1218 2281 annuam
1233 2239 1433 2278 summam

102 2295 363 2334 controversa
376 2295 574 2338 maiorem
587 2306 602 2334 5
628 2294 667 2333 Sc
681 2293 937 2333 contendunt
952 2319 966 2340 ,
979 2293 1116 2344 potius
1134 2292 1183 2332 ad
1197 2290 1432 2330 uberiorem

98 2346 398 2396 praestationem
428 2346 656 2395 cogendum
686 2344 766 2385 effe
794 2345 1094 2395 Cappellanum
1126 2368 1139 2389 ,
1182 2345 1235 2382 ob
1256 2342 1429 2392 pingues

100 2397 376 2449 Cappellaniae
396 2398 568 2443 reditus,
587 2399 625 2438 8<
639 2398 690 2437 ob
706 2399 948 2438 consuetum
962 2409 1121 2437 morem
1134 2394 1332 2435 Civitatis
1346 2395 1431 2433 Au-

98 2450 202 2489 ximi
225 2450 454 2491 celebrandi
482 2450 682 2490 solemnes
709 2450 967 2491 Festivitates
993 2449 1139 2495 majori
1165 2449 1325 2497 sumptu
1342 2472 1355 2493 ‚
1384 2453 1433 2484 ut

100 2512 367 2553 praenotatum
384 2502 464 2542 fuit
496 2502 537 2543 in
555 2502 672 2544 Folio
689 2500 901 2544 distributo
917 2496 1430 2554 provCongregationediei

101 2557 140 2593 6.
155 2554 395 2596 Decembris
420 2560 533 2603 1760.

1355 2652 1434 2694 Di-
