1934 2954
399 141 1204 190 CONCLUSIONUM.

124 231 222 259 Novus
247 230 338 256 tamen
357 226 502 256 ‘concursus
526 228 685 257 indicendus
698 228 757 263 est,
776 228 794 258 si

88 263 232 300 Episcopus
245 263 335 297 rejecit
346 271 362 290 a
374 261 506 291 concursu
518 263 621 292 indisto
635 274 795 300 comparen-

90 299 285 336 ternidoneum
298 308 375 335 φας.
390 301 449 331 187.
463 299 486 330 §.
499 297 536 326 Et
547 299 606 326 iden
618 321 624 326 .

123 336 158 362 Et
180 333 214 361 ad
225 334 346 360 kormam
362 331 574 362 Constitutionis
599 335 688 362 Pianae
710 345 799 365 novus

88 367 232 406 concursus
242 367 433 407 convocandus
446 366 486 397 est
497 369 526 397 in
537 368 600 398 loco
612 393 621 404 ‚
639 369 687 398 ubi
699 370 798 405 pendet

88 401 232 438 appellatio
244 424 250 430 .
271 402 372 430 Ibidem
388 424 394 431 .

123 439 223 467 Verum
235 439 312 466 Sacra
325 439 514 476 Congregatio
534 438 678 467 mandavit
689 450 795 469 novum

86 471 247 536 ‘eioncursum
257 483 403 502 convocari
411 484 504 503 coram
515 474 733 509 Metropolitano
740 475 795 503 Ibi-

105 518 144 535 em
158 529 165 534 .

120 542 273 578 Ecquando
285 553 300 570 a
313 544 531 579 Metropolitano
545 544 692 579 appellatur
704 568 712 579 ‚
731 556 796 574 con-

82 577 224 607 vocandus
247 577 286 607 est
299 589 392 607 coram
416 579 550 614 Episcopo
562 580 701 609 Viciniore
714 601 721 608 .
741 579 795 608 Ibi-

83 612 142 642 dem
155 635 162 641 .

45 648 203 677 Concursus
215 648 328 677 indictio
340 648 397 678 fieri
409 649 489 678 debet
511 660 573 678 cum
585 650 705 677 termino
717 672 726 683 ,
749 651 796 684 qui

83 685 186 751 {reiqui‘ti
190 685 333 724 prorogari
357 684 426 713 ultra
440 685 539 721 viginti
553 685 609 713 dies
621 705 629 712 .
645 695 709 722 pag.
736 690 794 719 184.

100 739 106 745 .
150 730 166 746 u
185 729 238 747 llus
255 742 261 747 .

117 756 160 782 An
170 764 236 782 vero
248 754 306 783 dies
319 754 426 783 termini
439 763 612 790 computetur
623 755 651 782 iii
664 755 792 783 termino?

78 800 117 827 pa
137 811 143 817 .
161 794 218 818 186'.
232 791 254 822 §.
269 791 365 818 Contra
375 800 438 818 vero
452 811 458 817 .

116 800 152 853 {t
163 834 322 858 comparens
332 823 392 859 post
402 825 551 853 terminum
573 834 629 853 non
640 823 678 853 est
690 823 792 853 admit-

84 859 195 893 tendas,
211 858 312 888 etiamsi
323 869 364 887 res
372 858 434 887 esset
447 861 552 896 integra
565 883 573 894 ‚
592 857 640 887 nifi
652 859 750 888 doceat
762 860 796 889 de

82 895 208 931 legitimo
219 894 417 928 impedimento
430 916 437 922 .
452 905 516 932 pag.
532 899 588 928 185.
602 895 625 926 §.
638 894 675 922 Et
681 894 741 923 licet
753 917 761 923 .

117 930 167 958 Sed
178 929 303 966 legitime
316 930 462 963 impeditus
474 951 485 962 ‚
503 930 550 964 qui
563 939 703 964 comparet
714 940 742 958 re
753 931 792 958 in-

85 974 162 1001 tegra
173 988 181 999 ,
191 965 286 1000 nequit
298 974 314 992 a
322 963 453 993 concursu
466 964 558 999 repelli
572 987 579 993 .
584 976 612 1001 p.
627 968 685 993 186.
694 967 717 998 §.
726 966 792 994 Con.-

81 1001 122 1029 tn‘z
132 1000 195 1030 νενὸ
208 1021 215 1028 .

116 1038 159 1064 An
169 1034 236 1064 verb
248 1034 351 1071 praestet
363 1034 462 1070 iustam
475 1033 604 1063 absentiae
626 1032 736 1064 causam
746 1045 792 1064 oc-

84 1071 197 1134 cu}at}o
220 1072 248 1099 in
272 1081 384 1099 munere
397 1071 627 1099 Concionatoris?
651 1081 717 1107 pag.
733 1074 791 1104 185.

81 1108 105 1138 §.
144 1115 155 1134 ι
178 1107 226 1134 icet
236 1127 244 1133 .

115 1142 148 1170 Et
159 1151 193 1170 an
205 1139 300 1169 absens
311 1151 344 1169 ex
356 1140 425 1175 iusta
437 1140 517 1170 causa
529 1150 688 1176 comparere
699 1149 790 1170 tenea-

79 1184 122 1204 tur
133 1186 179 1210 per
194 1178 400 1205 Procuratorem
413 1180 428 1205 ?
447 1175 549 1204 Ibidem
562 1198 568 1203 .

45 1212 273 1240 Concurrentium
285 1210 410 1246 requisita
432 1211 493 1240 sunt
516 1213 545 1240 in
555 1212 699 1246 Epitomen
720 1210 791 1240 redi-

78 1247 168 1310 8²⁰2?
178 1257 195 1275 a
207 1246 378 1278 Cancellatio
391 1245 543 1276 Concursus
557 1267 563 1273 .
577 1258 606 1283 p.
622 1257 683 1276 210.
694 1247 717 1279 §.
729 1246 787 1275 De-

95 1292 126 1310 ea
147 1291 168 1310 rt
182 1303 189 1310 .

74 1283 102 1341 f
116 1319 150 1345 Et
169 1327 201 1346 cx
214 1317 447 1347 concurrentibus
470 1317 492 1345 is
503 1315 698 1353 praeeligendus
709 1315 749 1344 est
761 1317 791 1345 in

78 1351 210 1382 concursu
216 1353 250 1381 ad
257 1351 444 1382 Parochialem
456 1373 466 1385 ,
476 1361 617 1385 tamquam
631 1351 718 1386 magis
729 1350 793 1379 ido-

79 1397 145 1416 neus
156 1411 164 1422 ‚
177 1388 222 1422 qui
236 1398 347 1417 caeteros
354 1387 480 1422 praecellit
491 1385 593 1414 nedum
604 1385 714 1425 scientia
726 1408 734 1419 ,
745 1384 792 1426 sed

78 1423 166 1452 etiam
199 1432 277 1452 aetate
294 1447 303 1458 ,
322 1421 446 1451 moribus
470 1444 478 1455 ,
498 1421 642 1455 prudentia
654 1444 662 1454 ‚
682 1424 708 1449 ὃς
730 1420 790 1449 aliis

78 1457 157 1486 rebus
181 1457 216 1485 ad
237 1468 329 1487 curam
351 1458 505 1486 animarum
519 1479 528 1490 ‚
546 1459 573 1484 &
586 1454 727 1484 Ecclesiam
738 1465 790 1491 gu-

78 1491 247 1521 bernandam
255 1493 414 1529 opportunis
427 1513 434 1521 .
449 1502 514 1531 pag.
526 1501 585 1519 211-
601 1492 623 1524 §-
638 1490 728 1531 Quum
737 1493 789 1521 ita-

96 1538 127 1557 ue
137 1549 145 1556 .

78 1538 103 1603 q·
115 1564 289 1599 Reprobatus
299 1565 326 1594 in
340 1563 470 1595 concursu
483 1587 492 1599 ‚
511 1564 609 1600 vigore
616 1561 789 1592 constitutio-

76 1608 116 1627 nis
127 1600 215 1629 Pianae
226 1624 235 1636 ‚
253 1611 361 1637 poterat
381 1609 531 1634 provocate
553 1599 589 1628 ad
607 1608 713 1628 novum
725 1608 789 1627 exa-

77 1643 142 1662 men
155 1657 162 1662 .
176 1647 241 1674 pag.
255 1647 313 1669 172.
327 1638 350 1670 §.
359 1635 490 1672 Disputat
500 1657 507 1664 .

113 1671 191 1709 Secus
203 1670 263 1705 post
275 1673 379 1700 Literas
391 1671 548 1705 Encyclicas
560 1671 625 1699 anni
637 1680 714 1703 1721.
722 1680 790 1706 prae-

78 1702 224 1734 scribentes
245 1706 333 1744 redigi
350 1708 378 1735 in
391 1705 493 1740 scriptis
505 1706 725 1734 concurrentium
749 1715 790 1734 re-

78 1737 232 1773 sponsiones
244 1763 251 1769 .
287 1753 331 1780 ag.
347 1751 404 1774 ¹73-
419 1743 442 1774 §.
456 1742 554 1769 Contra
564 1751 628 1770 vero
640 1762 647 1768 .

116 1776 174 1803 Nec
186 1784 256 1804 retra
284 1786 344 1805 atur
355 1776 486 1810 iudicium
498 1774 633 1810 Episcopi,
647 1784 789 1810 tamquam

81 1808 272 1839 irrationabile
284 1833 293 1844 ,
311 1810 359 1839 nisi
371 1813 392 1840 is
405 1835 413 1845 ‚
432 1812 477 1844 qui
490 1810 648 1845 reprobatus
659 1809 699 1838 est
712 1833 720 1844 ‚
731 1820 789 1838 tan-

81 1853 109 1872 ta
117 1844 225 1906 firaestet
244 1846 372 1874 doctrina:
385 1869 394 1881 ,
412 1849 438 1874 &
451 1855 561 1873 morum
592 1846 715 1881 rogativa
728 1868 737 1879 ,
755 1854 785 1872 ut

79 1889 114 1913 po
140 1879 250 1908 habitus
271 1881 397 1909 videatur
414 1891 476 1909 cum
489 1881 563 1909 mani
579 1879 635 1908 esto
647 1902 657 1913 ,
676 1883 702 1908 δέ
714 1881 785 1908 inex—

77 1912 189 1943 cusabili
201 1914 304 1944 excess'u
317 1938 323 1944 .
340 1927 404 1954 pag.
419 1926 478 1944 211.
493 1917 515 1947 §.
531 1914 620 1953 Quum
633 1916 719 1951 itaque
731 1935 737 1942 .

114 1949 389 1985 MeritaOppofitoris
400 1961 455 1978 non
464 1950 578 1978 reddunt
589 1948 716 1984 injustam
728 1951 786 1984 ejus

77 1985 298 2019 reprobationem
309 2009 318 2019 ,
336 1995 398 2013 cum
410 1986 528 2019 potuerit
537 1995 626 2013 carere
636 1985 692 2013 aliis
705 1985 790 2019 quali·

79 2020 180 2048 tatibus
193 2020 227 2048 ad
238 2030 330 2049 curam
341 2021 496 2049 animarum
504 2018 634 2054 requifitis
648 2041 653 2048 .
659 2030 773 2057 pag.r73
781 2039 789 2047 .

78 2056 102 2087 §.
115 2056 211 2084 Contra
221 2066 283 2083 vero

115 2091 148 2118 Et
157 2090 326 2125 praesumitur
338 2113 346 2124 ‚
365 2090 399 2119 ad
412 2088 557 2118 earundem
568 2088 729 2123 qualitatum
743 2087 788 2116 de-

77 2123 181 2153 fessum
196 2124 334 2161 respexisse
346 2127 551 2163 Examinatores
565 2147 572 2158 ,
585 2128 611 2152 &
622 2121 784 2158 Episcopum

76 2161 186 2189 ininius
199 2161 389 2195 reprobatione
404 2182 410 2188 .
430 2159 529 2188 Ibidem
541 2180 548 2187 .

112 2197 200 2231 Atque
219 2197 246 2224 in
259 2196 344 2224 dubio
357 2219 364 2227 ,
385 2194 512 2223 standum
533 2192 572 2222 est
586 2192 688 2227 iudicio
704 2192 785 2221 Ordi-

78 2232 149 2259 natii
162 2254 169 2266 ,
189 2232 235 2266 qui
248 2229 417 2265 praesuinitur
429 2228 592 2257 informatus
613 2227 647 2256 de
660 2229 719 2256 vita
730 2250 739 2261 ,
759 2232 785 2256 &

76 2266 202 2329 {imum
212 2289 220 2301 ‚
231 2264 344 2300 aliisque
352 2265 525 2300 qualitatibus
538 2265 765 2292 Concurrentium
778 2283 785 2290 .

111 2301 192 2329 idem.

110 2337 217 2365 Etcum
231 2335 392 2364 Ordinarius
405 2335 524 2368 aliquam
547 2332 631 2363 habet
652 2332 783 2362 secretam

76 2369 184 2400 causam
195 2396 204 2403 ,
223 2371 256 2400 de
269 2371 314 2399 illa
327 2372 354 2398 iii
365 2370 451 2406 gradu
460 2368 648 2403 appellationis
667 2379 783 2403 praemo—

77 2415 123 2433 net
133 2417 179 2440 pet
191 2406 329 2435 distinctas
342 2407 444 2433 Literas
457 2402 702 2432 Eminemiffimum
716 2405 782 2432 Prae-

80 2438 179 2469 fectum
192 2464 199 2471 .
214 2453 250 2482 pa
271 2465 277 2470 .
293 2452 349 2473 172.
363 2440 514 2472 §.luterem

44 2475 220 2505 Concurrenti
234 2487 248 2505 a
279 2475 466 2504 Parochialcm
479 2485 512 2502 an
525 2472 613 2502 obstet
625 2473 781 2502 doctoratus

79 2509 285 2580 {nCMffe-dicina,
303 2509 412 2546 ejusque
437 2510 596 2538 exercitium
610 2514 618 2536 Ξ
632 2520 697 2546 pag.
721 2520 781 2542 209-

96 2565 102 2572 .
135 2555 151 2572 a
170 2556 245 2575 aneti.

43 2579 234 2609 Concurrentis
246 2581 401 2616 reprobatio
424 2579 515 2615 quoad
527 2589 617 2608 mores
639 2589 671 2607 ex
684 2578 781 2613 quibus

78 2611 258 2644 substineatur
271 2619 284 2645 ?
304 2616 402 2644 Ibidem
415 2638 420 2642 .

114 2650 229 2678 Morum
240 2660 331 2680 tamen
341 2650 571 2686 contemplatione
583 2659 618 2677 an
631 2649 721 2684 repelli
733 2659 782 2684 po-

79 2685 160 2714 merit
171 2695 328 2721 comparens
337 2697 366 2716 111
373 2684 503 2715 concursu
516 2706 521 2712 .
529 2696 595 2724 pag.
612 2689 668 2720 185.
681 2686 703 2718 §.
718 2684 787 2714 Mo-

80 2727 121 2746 res
131 2740 140 2749 .

1496 160 1579 201 259

901 228 1066 258 Diffaniatio
1077 230 1169 264 quoad
1182 238 1272 257 mores
1284 228 1378 259 fiifficit
1389 242 1438 266 pro
1451 233 1581 267 repellen-

866 263 904 292 do
915 274 1090 294 concurrente
1114 274 1131 293 a
1142 263 1268 293 Beneficii
1291 265 1503 300 consequutione
1517 291 1525 302 ,
1547 268 1581 296 li-

870 309 911 338 cet
929 309 961 327 ea
985 310 1040 328 non
1054 299 1184 328 sufficeret
1206 299 1241 327 ad
1263 300 1440 336 irrogandam
1464 313 1544 336 poeiia
1551 313 1580 331 m

870 335 1032 370 privationis
1045 356 1052 362 .
1068 345 1132 373 pag.
1148 339 1205 368 χες.
1222 334 1394 373 §2Quocirca
1408 357 1415 364 .

905 371 970 398 Non
984 369 1074 398 obstat
1097 379 1189 398 tamen
1200 368 1358 397 diffamatio
1379 369 1524 400 consistens
1550 374 1579 402 iii

868 414 1017 440 paucorum
1030 405 1105 434 dicto
1118 425 1125 432 .
1141 416 1178 441 pa
1199 425 1205 432 .
1223 408 1281 434 186.
1298 405 1321 436 §.
1336 404 1406 432 Suos
1418 416 1514 443 quoque
1525 428 1533 435 .

901 439 1018 479 idoneus
1026 450 1118 469 autem
1126 440 1160 468 ad
1167 416 1352 479 [grochialem
1361 440 1522 474 reputandus
1531 441 1581 477 est,

864 484 911 509 qui
925 473 1022 508 iustam
1036 474 1119 503 liabet
1130 473 1488 510 aetatem,iufficieiiripoller
1497 487 1581 510 expe—

866 510 962 538 rientia
975 534 982 544 ,
1002 510 1082 540 bonis
1093 509 1217 538 moribus
1240 508 1278 538 est
1289 509 1409 538 imbutus
1423 533 1431 543 ,
1450 510 1581 545 nulloque

866 546 979 573 crimine
994 546 1112 574 irretitus
1125 567 1134 577 ,
1154 554 1236 580 atque
1259 554 1315 572 non
1327 545 1472 573 mediocris
1495 544 1581 576 scien-

868 579 1056 649 tiaeDsplQimen
1068 580 1144 610 dedit
1157 581 1185 608 in
1198 580 1309 615 peraeto
1319 581 1444 611 examine
1457 602 1463 609 .
1474 591 1503 617 p.
1519 591 1578 616 17²-

869 619 892 646 §-
938 626 946 641 ι
978 625 1044 644 ucat.

902 627 1006 678 Et'all’iis
1028 649 1229 685 oppofitoribus
1249 660 1306 680 nou
1317 651 1427 685 repertis
1448 650 1553 679 idoneis
1567 674 1576 686 ‚

865 681 930 712 huic
951 685 1131 720 adjudicanda
1152 684 1191 714 est
1202 685 1367 715 Parocliialis
1378 706 1388 718 ,
1406 686 1469 715 licet
1480 685 1580 721 injuste

864 720 1012 753 reprobato
1026 742 1032 748 .
1052 720 1154 749 Ibidem
1167 742 1175 749 .

900 756 958 783 Nec
973 755 1048 784 locus
1072 754 1111 784 est
1120 765 1197 785 novo
1217 756 1337 784 examini
1361 753 1422 791 post
1433 756 1474 790 ius
1485 755 1579 791 qua-si-

863 797 922 817 tum
935 790 1013 819 alteri
1024 801 1058 820 ex
1070 790 1269 826 oppofitoribus
1282 801 1426 829 .pag.173.
1441 792 1464 823 §.
1479 792 1580 820 Contra

861 834 924 852 vero
938 847 944 853 .

831 859 985 888 Concursus
993 860 1083 895 quoad
1093 859 1221 889 Ecclesias
1232 859 1400 892 Parochiales
1408 861 1447 889 ita
1459 859 1578 895 praescri-

868 894 942 923 bitur
954 906 969 923 a
982 897 1106 925 Concilio
1114 895 1279 924 Tridentino
1293 920 1300 931 ‚
1319 906 1350 924 ut
1360 919 1369 930 ‚
1388 894 1408 926 si
1419 894 1578 930 jurispatro-

862 939 941 959 natus
954 930 1129 960 Eccleliastici
1142 930 1251 966 fint‚ad
1262 933 1411 961 Patronum
1424 929 1524 965 spe-stet
1531 930 1578 960 eli-

882 975 925 994 ere
938 965 1091 1003 digniorem
1103 977 1135 994 ex
1148 966 1305 1001 approbatis
1324 965 1360 994 ab
1373 967 1574 995 Examinatori-

884 1010 912 1029 us
923 1023 932 1033 ,
951 1002 1061 1036 quando
1081 1000 1214 1030 institutio
1227 1001 1306 1030 datur
1327 1001 1362 1029 ab
1374 999 1508 1035 Episcopo
1521 1011 1528 1029 :
1548 1004 1576 1029 &e

862 1035 1007 1071 Episcopus
1038 1037 1235 1066 raecleffionem
1246 1035 1346 1064 habeat
1353 1034 1440 1064 solum
1449 1058 1457 1070 ,
1465 1035 1578 1070 quando

863 1069 1000 1101 institutio
1032 1072 1102 1101 anda
1110 1071 1149 1101 est
1160 1071 1196 1099 ab
1208 1071 1263 1099 alio
1275 1070 1405 1098 collatore
1413 1091 1422 1103 ,
1430 1071 1472 1098 cui
1486 1072 1576 1098 Patro.

863 1115 914 1134 nus
935 1105 1094 1147 praesentare
1117 1106 1198 1135 debet
1220 1105 1336 1134 electum
1360 1105 1396 1134 ab
1418 1103 1553 1140 Episcopo
1564 1127 1571 1133 .

826 1145 979 1205 Cgrilgiri'iis
992 1141 1253 1211 {uss'dil'ffsgbendas
1271 1175 1506 1216 Eoenitentiariam
1518 1198 1526 1210 ‚
1546 1179 1575 1204 δε

863 1209 1066 1248 Theologalcm
1078 1212 1164 1240 nullus
1177 1210 1379 1246 praescribitura
1390 1210 1576 1245 Concilio,sed

865 1246 993 1274 tribuitur
1012 1245 1146 1282 Episcopo
1165 1248 1206 1281 ius
1218 1246 1253 1274 ad
1265 1244 1374 1278 easdem
1386 1245 1504 1282 eligendi
1516 1247 1576 1273 Pet-

862 1280 941 1343 ξοηῗῐς
954 1281 1068 1344 {dorica}
1080 1304 1087 1310 .
1102 1293 1167 1320 pag.
1179 1292 1222 1315 49.
1235 1282 1260 1314 §.
1270 1279 1415 1317 Episcopus
1429 1303 1439 1315 ,
1457 1279 1516 1316 Cep.
1531 1283 1573 1312 87.
1610 1297 1611 1300 =

881 1338 887 1344 .
933 1327 974 1345 uic
988 1327 1004 1344 0
1032 1327 1044 1344 e
1069 1327 1083 1344 ο
1092 1338 1098 1344 .

864 1320 878 1349 ⁹
897 1350 985 1389 Quod
995 1328 1157 1388 idtelligitur
1169 1374 1178 1385 ‚
1197 1347 1302 1379 etiamsi
1314 1349 1410 1378 electio
1421 1349 1575 1378 Canonico-

862 1395 923 1415 rum
935 1387 1082 1420 pertineret
1093 1385 1128 1414 ad
1140 1386 1299 1420 Capitulum
1312 1408 1321 1419 ‚
1340 1388 1366 1413 &
1378 1383 1553 1413 confirmatio
1565 1409 1576 1420 ,

861 1424 907 1449 ieu
926 1419 1058 1451 institutio
1079 1421 1114 1449 ad
1138 1419 1300 1455 Episcopum
1312 1441 1320 1459 :
1337 1430 1402 1458 pag.
1421 1430 1463 1454 50.
1476 1421 1500 1453 §.
1512 1418 1576 1449 Hoc

860 1455 944 1492 ipficm
957 1480 965 1491 ‚
984 1451 1010 1486 G*
1021 1468 1086 1495 pag.
1098 1461 1139 1490 87.
1153 1457 1176 1488 §.
1189 1454 1263 1486 Hinc,
1275 1454 1371 1493 objefflo
1384 1477 1390 1483 .
1533 1490 1538 1494 -

893 1493 928 1520 Et
939 1490 992 1520 hoc
1004 1491 1067 1521 casu
1078 1490 1207 1526 Capitulo
1218 1489 1370 1519 reservatur
1389 1491 1430 1524 ius
1441 1488 1575 1519 honorifi-

859 1537 922 1591 ᾓιζὲ
928 1526 1106 1563 praesentandi
1113 1526 1260 1556 Personam
1266 1525 1381 1556 elestam
1388 1524 1423 1555 ab
1429 1523 1593 1561 Episcopo*

892 1574 902 1591 1
921 1574 960 1592 em
973 1586 979 1593 .

895 1600 928 1627 Et
940 1599 1050 1628 collatio
1061 1598 1214 1629 reservatur
1224 1599 1259 1627 iis
1269 1622 1278 1633 ‚
1297 1596 1331 1626 ad
1342 1606 1412 1632 quos
1432 1596 1570 1632 specstabat

861 1642 924 1662 ante
936 1635 1093 1664 Concilium
1107 1657 1115 1663 .
1129 1646 1194 1673 pag.
1213 1635 1283 1669 50.§.
1297 1633 1394 1673 Eifioc
1404 1633 1501 1669 ipsum.
1544 1667 1549 1672 Π

825 1668 992 1698 Constitutio
1005 1679 1098 1699 tamen
1104 1669 1252 1707 Pastoralis
1266 1667 1342 1706 officii
1350 1667 1391 1696 11.
1400 1667 1458 1707 1²9st
1468 1665 1572 1707 Cpnegil.

859 1704 939 1732 Rom.
950 1706 1083 1740 praecipit,
1102 1705 1178 1740 quod
1188 1703 1339 1733 Praebendae
1360 1705 1552 1742 Penitentiaria
1563 1725 1573 1736 ‚

859 1743 886 1768 &
897 1740 1078 1778 Theologalis
1088 1739 1262 1769 conferantur
1270 1748 1316 1767 ma
1332 1738 1357 1766 is
1367 1738 1469 1766 idoneo
1476 1747 1505 1777 iri
1516 1735 1572 1764 for-

859 1775 927 1803 mali
938 1774 1070 1803 concursu
1081 1775 1116 1803 ab
1128 1775 1316 1803 Examinatori
1338 1783 1369 1801 us
1391 1780 1549 1801 renunciate
1562 1794 1572 1805 ,

859 1819 894 1837 eo
907 1809 986 1844 plane
999 1810 1086 1838 modo
1097 1832 1106 1844 ,
1124 1819 1180 1843 quo
1192 1807 1362 1841 Parochiales
1374 1805 1493 1835 Ecclefiae
1505 1816 1572 1833 con-

856 1843 980 1911 gerfflitur
992 1865 1000 1872 .
1014 1855 1079 1883 pag.
1103 1854 1146 1878 49.
1163 1845 1186 1877 §-
1209 1841 1355 1879 Episcopus
1366 1863 1376 1875 ‚
1394 1840 1421 1870 ὃ·
1434 1852 1501 1879 pag.
1526 1844 1570 1874 87.

875 1901 880 1907 ι
928 1891 937 1906 1
969 1888 1025 1907 Illa!
1038 1901 1044 1908 ι

889 1916 921 1942 Se
948 1891 1043 1942 gadem
1051 1912 1218 1943 Constitutio
1228 1910 1404 1950 intelligenda
1416 1908 1466 1943 est,
1479 1909 1570 1944 quoad

856 1949 898 1983 jus
920 1948 1051 1984 paslivum
1072 1948 1193 1977 l'etsonae
1216 1947 1346 1986 eligendae
1367 1956 1396 1973 in
1418 1943 1550 1973 concursu
1559 1968 1570 1980 ,

859 1993 941 2018 prout
964 1983 1084 2012 servatur
1104 1985 1133 2011 in
1145 1981 1349 2011 Parochialibus
1362 2004 1370 2015 ‚
1396 1990 1453 2008 tion
1475 1988 1568 2010 autem

859 2018 951 2052 quoad
968 2020 1008 2052 jus
1020 2019 1141 2046 activum
1154 2017 1272 2055 eligendi
1284 2016 1448 2053 digniorem.
1455 2019 1567 2053 pag-88.

858 2054 882 2085 ἓ.
895 2052 954 2080 Nec
965 2052 1132 2081 avellendum
1145 2073 1152 2080 .
1400 2085 1405 2090 ·
1453 2084 1459 2090 .

893 2089 926 2115 Et
939 2088 1003 2116 ideo
1024 2087 1084 2122 post
1095 2087 1196 2116 dictam
1217 2088 1301 2116 etiam
1313 2083 1546 2115 Constitutioneni
1558 2108 1567 2119 ,

853 2121 952 2150 electio
984 2125 990 2150 i
1012 2124 1096 2151 nioris
1125 2133 1158 2151 ex
1170 2122 1324 2157 approbatis
1349 2122 1377 2149 in
1390 2119 1521 2159 concursu
1529 2118 1567 2147 fa-

853 2157 950 2186 cienda
962 2169 976 2186 c
1011 2158 1046 2186 ab
1059 2157 1208 2192 Episcopo,
1221 2155 1324 2186 etiamst
1336 2154 1504 2194 praesentatio
1511 2153 1568 2189 spe-

855 2192 909 2220 <stet
934 2192 969 2221 ad
980 2194 1152 2228 Capitulum.
1168 2204 1233 2231 pag.
1261 2203 1300 2226 50.
1315 2193 1338 2224 §.
1354 2191 1390 2219 Et
1412 2190 1459 2218 hoc
1472 2189 1566 2227 zpfiaem,

857 2226 956 2266 &pag
972 2233 1014 2256 88.
1026 2230 1049 2260 §.
1063 2228 1295 2266 Nec-avellendum
1310 2251 1317 2261 ,
1337 2225 1425 2262 δ’]ἒᾳ.

891 2264 958 2301 Quo
966 2261 1028 2292 casu
1039 2263 1198 2298 Capitulum
1209 2260 1462 2300 praelcnraredebet
1472 2257 1566 2288 Perso-

856 2299 1100 2332 nanrpraeelectam
1113 2298 1148 2326 ab
1159 2297 1291 2332 Episcopo
1305 2319 1312 2324 .
1331 2295 1434 2324 Ibidem
1443 2317 1451 2323 .

888 2335 922 2361 Et
934 2334 1090 2368 reprobatio
1102 2333 1223 2361 Personae
1235 2334 1324 2360 minus
1336 2331 1440 2358 idoneoe
1453 2328 1523 2358 fasta
1531 2329 1566 2358 ab

853 2369 1100 2436 {ixjjminatoribug
1109 2373 1135 2397 &
1147 2367 1291 2403 Episcopo,
1301 2365 1464 2394 substinetur
1474 2387 1480 2393 .
1490 2375 1565 2401 p-49·

869 2425 874 2430 .
917 2415 1005 2432 lnnetl.

817 2437 980 2467 Confeffarii
1004 2449 1050 2473 per
1061 2436 1201 2467 Diaecelim
1213 2435 1359 2472 deputandi
1381 2434 1442 2464 sunt
1454 2433 1489 2463 ab
1500 2435 1565 2474 Epi-

854 2471 935 2513 scopo
946 2484 995 2508 pro
1007 2473 1091 2502 salute
1103 2475 1258 2505 animarum
1270 2494 1277 2501 .
1293 2483 1358 2509 pag.
1373 2475 1432 2500 218.
1441 2471 1463 2503 §.
1476 2469 1564 2506 Disse-

853 2517 903 2536 rtt.

817 2541 1002 2572 Confeffiones
1016 2543 1144 2572 audiendi
1166 2541 1280 2572 licentiae
1301 2541 1370 2570 datae
1381 2539 1418 2580 ab
1428 2539 1525 2580 Episco
1544 2550 1566 2568 o

852 2578 1018 2612 Presbyteris
1040 2579 1093 2607 loci
1104 2579 1223 2613 exempti
1234 2599 1244 2610 ,
1261 2586 1323 2605 cum
1334 2576 1449 2612 intelligi
1468 2550 1563 2615 polliiit

853 2623 902 2647 pro
918 2613 982 2642 locis
995 2613 1047 2642 siiae
1059 2612 1180 2643 Diaecefis
1190 2636 1200 2648 ,
1217 2622 1274 2640 non
1284 2611 1428 2640 excludunt
1440 2612 1563 2639 Territo-

854 2649 926 2676 rium
939 2647 1162 2689 separatumpag.
1177 2660 1202 2678 2.
1214 2649 1239 2680 §.
1253 2648 1350 2676 Contra
1362 2646 1425 2675 νει-ὸ
1437 2667 1444 2673 .

822 2682 1006 2713 Confcffiones
1017 2684 1142 2714 audiendi
1153 2692 1249 2711 munus
1261 2705 1269 2717 ‚
1287 2681 1450 2721 oblgravcm
1463 2702 1473 2713 ‚
1492 2683 1518 2708 δέ
1527 2680 1562 2708 le-

856 2719 985 2756 gitimam
996 2718 1104 2750 causam
1128 2718 1164 2750 ab
1175 2717 1310 2782 Episcopi}
1327 2716 1496 2781 ssiiundhim,
1515 2725 1563 2755 cq-

1364 2761 1379 2778 ι
1521 2759 1562 2785 gi-
