1934 2954
1348 153 1390 177 ²1

96 187 297 238 ncll'isteffb
315 195 428 236 tempo
451 199 473 222 a
483 187 549 234 pit>
570 185 721 234 Infirmi
735 211 750 231 ‚
779 199 797 223 ο
814 187 855 224 αἰ·
882 186 1027 236 affistere
1042 187 1141 235 apia
1153 187 1378 236 Morihondi,
1395 152 1423 228 172·

96 242 267 278 Canonici
276 249 342 289 per
357 239 470 287 obligo
486 238 558 276 loro
571 238 711 289 preciso
727 237 1050 289 debbanosupplire
1073 239 1112 276 al
1125 239 1265 288 bisogno
1281 266 1293 285 ‚
1301 243 1423 290 senza

85 293 194 342 seusa
208 294 248 329 di
263 305 330 329 non
342 303 452 330 avere
467 292 524 340 effi
534 291 570 328 la
585 293 682 330 Cura
698 288 794 328 delle
805 291 950 329 Anime
967 307 994 329 :-

43 346 332 390 Reclamarunt
360 343 557 383 Canonici
577 344 626 382 ad
643 341 744 383 h‘anc
764 341 927 382 Sacram
941 343 1315 394 Congregationem
1333 373 1344 384 .
1362 346 1425 385 At

95 395 315 446 Episcopus
350 396 402 435 de
435 407 550 435 more
581 395 744 434 auditus
762 419 775 439 ‚
808 395 976 435 illorum
999 395 1172 435 damnat
1200 409 1426 447 repugnan-

99 449 203 490 tiam
218 473 232 494 ‚
261 448 369 500 quod
387 447 494 487 inani
511 447 714 487 libertatis
733 456 930 495 praetextu
949 446 1153 497 refugiant
1179 461 1301 499 opem
1318 447 1425 489 ferre

93 499 349 542 Animarum
370 499 490 540 saluti
521 499 625 538 iniis
639 500 948 540 circumstantiis
964 525 976 545 ,
1006 499 1045 538 in
1063 500 1205 551 quibus
1229 502 1422 551 praecise.»

97 561 297 594 tenentur
314 564 361 592 ex
378 560 583 601 praecepto
607 552 820 591 charitatis
834 566 848 592 ,-
878 554 916 592 Sc
934 553 1046 591 suum
1057 551 1243 593 defendit
1272 554 1426 593 Decre-

97 613 223 651 tum,
252 614 340 644 tum
357 604 696 655 quialimitatum
713 605 767 644 est
794 605 842 644 ad
870 605 974 643 solos
1008 605 1119 644 casus
1147 606 1425 653 necessitatis,

99 670 182 708 qua
197 666 368 707 urgente
385 682 399 701 ,
422 657 549 706 potest
567 656 782 705 Episcopus
800 680 814 700 ‚
835 657 993 696 ratione
1009 656 1252 707 obedientiae
1267 657 1335 696 fibi
1350 658 1423 698 de-

97 709 192 749 bitae
222 721 244 749 a
261 707 437 749 Clericis
455 707 647 747 Dioecefis
664 732 676 751 ‚
708 708 916 758 quoslibet
935 707 1175 748 Sacerdotes
1193 722 1358 759 cogere,
1375 717 1424 750 ut

98 761 359 801 Sacramenta
382 760 538 809 Populo
555 760 832 799 administrent
848 786 861 806 ‚
876 762 990 806 juxta
1004 761 1162 800 firmata
1176 774 1198 800 a
1213 761 1421 803 san.mem.

93 813 317 853 Benedicto
339 812 449 852 XIV.
477 816 516 848 in
531 813 683 861 institut.
702 813 834 862 Eccles.
849 827 914 862 94.
936 825 1101 861 num.17.
1123 816 1167 857 &-
1184 818 1243 853 18.
1263 826 1274 852 ε
1304 823 1422 854 tum..

95 866 240 911 etiam,
256 865 352 916 quia
370 864 596 910 hujusmodi
614 863 873 911 necessitati,
891 878 976 916 quae
993 865 1237 916 frequenter
1255 867 1418 905 contin-

92 930 190 968 gere
206 918 334 966 potest
351 917 389 955 in
408 929 487 956 non
500 915 663 955 modico
680 916 835 964 Populo
855 924 942 963 857.
961 917 1207 957 Animarum
1224 943 1237 963 ‚
1254 918 1416 957 occurri

92 970 240 1019 nequit
253 980 323 1018 per
337 968 649 1016 deputationem
661 968 901 1018 Cappellani
914 969 1190 1016 Coadjutoris‚
1205 970 1256 1008 ob
1271 978 1417 1009 tenues

98 1020 256 1060 reditus
272 1021 711 1070 Archipresbyteratus
727 1050 735 1059 .
1127 1033 1129 1036 ·

45 1071 393 1124 Archipresbyter
408 1081 547 1112 autem
566 1074 604 1111 in
621 1071 947 1113 circumferendo
961 1073 1103 1114 libello
1120 1073 1300 1122 disputat
1316 1100 1329 1119 ‚
1345 1074 1414 1113 ab-

95 1125 231 1165 solute
249 1125 460 1164 ferendum
481 1123 558 1164 effe
585 1138 606 1164 a
621 1125 837 1164 Canonicis
868 1138 967 1164 onus
995 1125 1110 1165 Cur-ie
1139 1126 1382 1165 Animarum
1398 1148 1418 1170 0

98 1177 229 1217 etiam
244 1178 412 1226 sepofita
430 1176 665 1216 necessitate
679 1191 694 1216 ,-
724 1180 816 1215 cum
833 1177 900 1227 ipfi
918 1190 995 1217 non
1014 1179 1144 1217 minus
1160 1202 1174 1222 ‚
1203 1180 1324 1228 quam
1339 1177 1416 1216 Ar·-

91 1230 377 1279 chipresbyter
404 1229 605 1279 subrogati
631 1227 787 1268 fuerint
812 1230 852 1268 in
882 1230 1019 1269 locum
1051 1231 1314 1282 antiquorum
1338 1229 1418 1268 Re-

96 1283 281 1326 Ctorum‚
310 1293 402 1320 cum
417 1281 561 1331 aequali
578 1281 892 1330 participatione
922 1281 1128 1321 redituum
1144 1305 1157 1324 ‚
1186 1282 1225 1320 «Sc
1241 1294 1418 1330 proven-
1449 1288 1454 1291 “

91 1343 215 1375 tuum
230 1360 244 1380 ‚
270 1334 339 1372 sub
353 1334 546 1373 consueta
562 1334 741 1372 clausula
755 1349 784 1370 =
802 1335 948 1371 Debitis
964 1334 1189 1383 supportatis
1206 1336 1417 1377 oneribus=‚

93 1387 240 1438 quibus
271 1386 406 1426 verbi>
446 1384 578 1424 videri
607 1397 686 1424 non
713 1387 840 1434 potest
866 1385 973 1424 Cura
1005 1387 1251 1425 Animarum
1279 1385 1415 1433 potius

93 1439 291 1477 translata
310 1437 351 1475 in
364 1437 780 1486 Archipresbyterum
798 1463 811 1483 ‚
841 1438 960 1489 quam
979 1438 1018 1477 in
1035 1437 1262 1477 Canonicos
1279 1461 1292 1480 ‚
1324 1437 1419 1486 quia

93 1490 146 1529 ad
155 1501 298 1529 omnes
317 1489 528 1539 aequaliter
554 1489 708 1529 directa
725 1488 892 1529 fuerunt
907 1519 918 1530 .
950 1491 1002 1529 Et
1017 1490 1238 1529 arbitratur
1252 1512 1265 1532 ‚
1292 1489 1419 1527 trans-

91 1542 296 1582 lationem
314 1541 427 1580 Curae
453 1540 494 1578 in
509 1540 926 1589 Archipresbvterum
954 1542 1113 1581 suaderi
1130 1554 1208 1580 non
1226 1538 1331 1589 poffe
1359 1551 1413 1577 a„-

93 1593 261 1644 speciali
289 1593 553 1643 assignatione
582 1593 790 1633 redituum
821 1595 1006 1633 Ecclefiae
1050 1594 1089 1632 S.
1121 1592 1284 1642 Joannis
1311 1591 1417 1631 fasta

94 1645 209 1685 illius
235 1644 374 1685 favore
390 1659 405 1685 ,-
434 1648 526 1683 cum
551 1644 706 1685 fuerint
734 1645 833 1684 dieti
864 1646 1020 1688 reditus
1051 1644 1237 1694 affignati
1266 1643 1418 1682 Archi-

96 1699 339 1746 presbytero
362 1709 441 1736 non
456 1697 613 1737 ratione
630 1697 745 1735 Curae
763 1723 777 1743 ‚
806 1698 873 1737 sed
903 1699 1063 1739 ratione
1093 1696 1346 1745 Dignitatis‚
1375 1706 1417 1734 ιιι

98 1750 286 1788 decentius
300 1752 429 1787 vivere
438 1750 552 1797 pqffet
567 1773 580 1791 ‚
587 1748 703 1800 juxta
712 1750 1109 1800 Archipresbyteralem
1126 1749 1356 1796 Dignitatem
1373 1776 1384 1786 .

40 1800 245 1848 Nihilque
260 1798 424 1838 officere
449 1808 566 1847 putat
583 1803 808 1848 longaevam
821 1801 1118 1841 observantiam
1148 1811 1168 1838 a
1198 1797 1416 1837 Canonicis

95 1854 346 1901 allegatams
373 1851 553 1889 cumiila
571 1852 707 1898 potius
737 1853 905 1903 detegat
929 1852 1232 1893 Canonicorum
1259 1849 1415 1899 obliga-

94 1905 255 1946 tionem
270 1902 537 1949 coadjuvandi
565 1903 680 1942 Curae
700 1904 942 1945 Animarum
957 1935 966 1941 .
996 1904 1106 1954 Qia
1122 1916 1169 1943 ex
1190 1901 1322 1940 Libris
1342 1902 1417 1942 Pa-

0 1960 2 1979 *
95 1956 342 1997 rochialibus
361 1981 373 2000 ‚
405 1954 473 2005 qui
488 1953 700 2003 supersunt
731 1957 769 1995 in
784 1957 985 1998 Archivio
999 1957 1187 1997 Ecclefiae
1205 1979 1219 1999 ‚
1244 1955 1414 2000 constat,

95 2008 325 2059 promiscue
340 2007 569 2047 Canonicos
583 2020 677 2046 cum
693 2008 1065 2058 Archipresbytero
1094 2009 1142 2047 ab
1167 2017 1272 2046 anno
1304 2017 1416 2052 1571.

96 2061 221 2112 usque
237 2059 286 2098 ad
307 2059 472 2098 initium
486 2060 686 2098 currentis
704 2061 840 2100 Seculi
856 2088 869 2106 ‚
891 2059 1177 2103 administrasse
1193 2056 1418 2098 Infantibus
1449 2057 1452 2060 ’

103 2113 410 2152 Sacramentum
436 2111 631 2160 Baptismi
655 2123 666 2150 ε
708 2112 880 2152 Infirmis
911 2114 1174 2154 Sacramenta
1206 2108 1418 2150 Poeniten-

92 2164 164 2205 tiae
193 2190 206 2209 ‚
236 2163 490 2203 Eucharistiae
523 2189 536 2208 ‚
564 2164 602 2203 Sc
632 2164 830 2205 Extremae
858 2165 1074 2207 Unctionis
1102 2177 1112 2204 ε
1139 2161 1418 2202 Morientibus

98 2215 294 2256 Animam
311 2215 606 2255 commendasse
630 2219 738 2267 (quo
753 2229 922 2259 munere
941 2217 1156 2258 multoties
1185 2213 1347 2253 funerus
1362 2216 1418 2254 est

97 2268 139 2308 in
154 2267 232 2308 fine
251 2267 448 2317 praeteriti
465 2267 603 2307 Seculi
628 2268 759 2308 etiam
774 2269 888 2309 Prior
913 2270 1153 2310 Conventus
1178 2265 1255 2306 PP.
1270 2267 1418 2315 Augu-

95 2320 356 2360 stinianorum
383 2328 480 2358 tunc
495 2319 698 2359 existentis
729 2320 770 2360 in
786 2320 915 2361 Terra
933 2322 1107 2367 Stabiae)
1132 2332 1144 2358 τ
1174 2326 1299 2369 atque
1327 2318 1416 2367 plu«

92 2371 174 2412 ries
199 2369 386 2411 adstitisse
398 2371 678 2411 Matrimoniis
695 2375 982 2414 contrahendis
1000 2399 1014 2419 ‚
1042 2385 1116 2423 pro
1134 2370 1275 2422 quibus
1289 2370 1416 2410 licen·-

94 2423 155 2462 tia
169 2423 528 2472 Archipresbyteri
556 2424 720 2473 incaepit
743 2426 951 2466 enunciari
977 2427 1059 2474 post
1075 2434 1226 2464 annum
1247 2428 1295 2461 16
1297 2433 1363 2470 574

45 2472 254 2517 Praeterea
281 2477 321 2515 in
351 2476 527 2516 statutis
554 2476 739 2516 Ecclefiae
767 2478 1002 2527 compilatis
1016 2488 1120 2517 anno
1141 2488 1283 2524 1747.,
1310 2473 1415 2516 &ab

93 2525 361 2567 Anteceffore
381 2528 578 2576 Episcopo
606 2528 837 2577 approbatis
861 2553 875 2573 ‚
904 2528 1085 2579 expresse
1115 2527 1416 2567 enunciatur-:z

93 2576 510 2629 All'Arcipretespetta
519 2580 816 2631 principalmente
831 2582 867 2618 la
881 2583 978 2619 Cura
987 2581 1126 2619 attuale
1141 2580 1412 2617 delleAnime:

92 2642 180 2681 quae
197 2631 317 2669 verba
346 2632 514 2672 innuere
539 2632 733 2673 videntur
745 2656 759 2677 ‚
798 2632 970 2673 eandem
998 2633 1148 2673 Curam
1179 2630 1414 2671 secundario

88 2682 270 2734 sperque
285 2683 337 2722 ad
351 2683 579 2726 Canonicos
597 2696 607 2725 ε
635 2685 673 2726 Sc
690 2684 894 2726 Funerum
908 2686 1190 2728 emolumenta
1202 2709 1216 2730 ‚
1230 2683 1280 2723 iis
1294 2694 1411 2723 exce-

103 2745 114 2750 ·
153 2736 406 2776 ffmxxxl.
768 2736 802 2776 E
819 2749 843 2777 e
1303 2734 1388 2785 ptis
1400 2755 1415 2779 2
