1934 2954
75 217 349 270 prxcedcnter
367 211 696 257 enuntiatorum,
716 212 984 263 eamdemque
999 213 1289 254 restrictionem
1310 177 1397 255 suit1

74 272 163 311 deri
179 283 200 310 a
219 268 494 314 contemplata
514 266 779 316 perceptione
796 293 809 310 ‚
835 268 873 306 &
903 265 1110 306 tenuitate
1130 267 1395 315 antiquorum

74 323 281 365 redituum
293 319 392 361 ,solis
411 319 590 369 antiquis
605 319 906 368 Capitularibus
920 318 1248 366 competentium
1265 344 1276 363 ,
1294 333 1398 368 quo-

78 386 166 416 rum
185 374 441 412 incremento
458 373 583 411 aliter
596 372 716 421 quam
733 383 804 420 per
831 371 1152 411 reservationem
1186 380 1390 418 perpetuae

77 425 272 478 penfionis
290 436 370 463 non
384 433 546 473 poterat
564 422 640 463 esse
656 424 884 463 consultum
903 448 916 466 ,
935 423 1041 474 quod
1060 433 1137 461 non
1160 422 1399 461 verificaba-

74 487 144 519 tur
170 477 347 518 relative
375 477 425 515 ad
453 488 578 516 novos
592 475 866 515 Canonicatus
887 475 1097 524 erigendos
1112 500 1124 518 ‚
1159 487 1231 523 pro
1257 475 1402 524 quibus

75 531 207 576 major
223 528 295 569 dos
310 542 332 568 a
349 528 643 569 Fundatoribus
661 527 818 579 exquiri
833 536 996 575 poterat
1015 556 1025 566 .
1054 528 1106 566 Et
1123 527 1217 566 ideo
1234 527 1406 568 arbitra«,

77 591 148 624 tur
161 608 176 628 ‚
191 583 352 623 causam
367 580 634 630 promovendi
648 579 846 619 Divinum
866 578 1038 618 Cultum
1065 579 1275 618 mediante
1303 579 1401 627 pin-

74 635 267 686 guiorum
280 634 486 674 redituum
501 631 792 672 constitutione
809 656 821 676 ‚
854 633 892 671 ἃ
907 630 1198 671 antianitatem
1229 643 1323 680 reqn
1334 631 1402 667 isi-¹

75 688 222 727 tamin
241 683 705 735 Participantibus‚nihil
725 681 904 732 prodesse
919 683 1131 722 Canonico
1148 682 1401 731 Sempronii,

75 741 175 779 eum
190 750 271 778 non
284 739 330 778 fit
346 738 395 777 de
411 745 527 777 certo
540 748 689 784 genere
704 745 960 780 vocatorum,
977 745 1050 774 nec
1066 747 1244 785 quaerere
1263 735 1402 773 valeat

76 801 102 831 a
113 789 395 831 munificentia
407 787 617 828 pontificis
635 787 862 833 subsidium,
881 787 948 826 cui
965 799 1180 828 occurrere
1200 784 1420 827 debuustt·

77 842 141 884 sui
169 842 441 884 Canonicatus
453 840 658 879 Fundator
672 868 683 879 .

28 890 156 936 Facto
174 896 244 935 suo
258 893 360 934 nihil
387 904 549 950 quoque
576 892 778 931 tributum
792 892 926 934 afferit
940 891 1148 931 Canonico
1164 890 1375 938 Semproni
1394 917 1407 927 .

81 947 180 988 Non
192 946 358 998 quidem
375 953 534 984 ratione
549 944 671 983 Dotis
698 955 770 993 pro
799 944 876 984 illo
907 953 1079 994 receptae
1094 958 1109 983 ,-
1124 943 1227 994 quia
1244 941 1412 991 ¹‘equalis

84 1000 139 1040 est
153 998 332 1049 antiquis
348 996 603 1047 portionibus
619 997 851 1036 communis.
863 995 997 1036 Maii'ae
1011 1020 1026 1041 ‚
1057 1008 1135 1035 non
1158 1005 1295 1034 autem
1313 1006 1413 1032 cona

82 1051 276 1095 troversae
295 1048 477 1089 Penfioni
498 1073 513 1093 ‚
541 1061 625 1099 qua:
654 1060 734 1086 non
747 1049 837 1094 jure
853 1047 988 1088 Masl'ae
1007 1073 1023 1094 ‚
1048 1049 1115 1088 sed
1130 1049 1218 1094 jure
1235 1045 1420 1085 antiani·

83 1102 187 1145 tatis
205 1102 410 1142 dividitur
428 1100 537 1139 inter
555 1100 790 1151 quindecim
820 1101 1117 1150 praeexistentes
1148 1099 1415 1147 Capitium-es

84 1156 168 1195 stve
180 1155 232 1194 de
248 1151 377 1193 Massa
393 1178 407 1199 ‚
424 1153 504 1192 five
518 1152 569 1192 de
588 1151 804 1192 Praebenda
818 1181 829 1192 .
859 1152 957 1192 Non
977 1154 1102 1192 etiam
1117 1152 1274 1191 ratione
1289 1161 1415 1199 pecu—

86 1207 166 1248 niae
193 1213 416 1247 numeratae
458 1213 561 1256 quot
589 1204 702 1245 annis
730 1204 930 1245 solvendae
962 1216 985 1244 a
1016 1203 1369 1243 Confi-aternitate
1399 1214 1414 1240 5

87 1258 185 1311 quia
203 1258 316 1298 nulla
333 1284 347 1304 ‚
374 1267 445 1297 aut
459 1256 632 1296 minima
647 1256 810 1296 utilitas
827 1257 919 1297 inde
934 1257 1104 1297 obvenit
1122 1255 1316 1305 Capitulo
1336 1277 1349 1297 ‚
1376 1254 1414 1292 δε

86 1308 227 1352 Maffae
241 1336 257 1357 ,
286 1322 372 1361 quae
389 1309 635 1349 tantundem
652 1335 664 1355 ‚
692 1309 730 1348 ὃς
747 1307 878 1348 forsan
893 1310 982 1358 plus
1002 1307 1190 1357 rependit
1207 1306 1416 1347 Canonico

89 1364 135 1406 in
151 1362 324 1414 pecunia
341 1362 456 1400 fimul
472 1386 486 1406 ‚
513 1362 552 1402 δι
570 1360 752 1412 frugibus
770 1390 780 1400 .
811 1360 906 1400 Non
927 1360 1030 1399 item
1057 1360 1218 1399 ratione
1242 1357 1419 1395 Mansio-

90 1415 279 1454 uariatus
296 1438 310 1459 ‚
322 1414 362 1454 &
377 1412 609 1453 clericatus
624 1426 640 1454 ‚⁴
669 1412 763 1463 quia
776 1412 941 1453 fuerunt
964 1411 1089 1452 erec‘ii
1105 1423 1151 1451 ex
1171 1411 1264 1448 volu
1273 1418 1417 1448 ntatQ

87 1465 318 1512 ,Testatoris
336 1467 467 1515 ‘longe
484 1474 584 1505 ante
601 1465 853 1511 reservatam
867 1464 1104 1504 Pensionem
1119 1462 1318 1505 defuncti,
1332 1462 1423 1499 abs*

93 1529 177 1570 que
194 1518 280 1558 ulla
304 1517 662 1568 contemplatione
674 1516 878 1557 Penfionis
895 1547 905 1557 .
935 1515 1032 1556 Non
1058 1515 1226 1555 demum
1258 1514 1423 1553 ratione

94 1570 347 1622 equalitatis
372 1570 527 1610 statutae
563 1570 674 1609 inter
702 1582 853 1609 novum
869 1595 882 1614 ‚
909 1570 948 1609 ὅ(
962 1568 1153 1619 antiquos
1167 1566 1392 1606 Canonicos
1406 1590 1422 1609 ‚

96 1634 192 1664 cum
212 1623 400 1662 omnibus
421 1624 566 1662 horum
591 1621 745 1668 juribus
763 1648 777 1667 ‚
806 1623 844 1662 ὃς
867 1622 1085 1661 oneribus,¹
1116 1620 1209 1670 quia
1235 1617 1421 1668 specialis

94 1674 336 1725 protestatio
363 1674 503 1715 addita
521 1676 575 1714 est
596 1701 611 1720 ‚
643 1687 694 1714 ne
711 1683 930 1724 propterea
946 1685 1073 1713 novus
1098 1672 1329 1711 Canonicus
1358 1682 1426 1709 ac-

96 1728 262 1778 quirere
276 1724 402 1777 posset
427 1726 601 1778 ‘aliquod
613 1729 675 1774 jus
687 1726 737 1766 ad
755 1727 1012 1766 Decanatum
1029 1752 1042 1770 ‚
1067 1726 1106 1765 δε
1121 1725 1170 1763 ad
1187 1725 1425 1764 Penfionem

90 1780 421 1819 controversam‚·
444 1792 530 1829 quae
547 1779 716 1830 quidem
733 1778 970 1827 protestatio
986 1804 999 1823 ‚
1027 1778 1054 1815 fi
1067 1779 1130 1822 jus
1151 1789 1195 1815 ex
1212 1776 1329 1824 pacto
1344 1784 1423 1813 nou

101 1829 250 1870 adimit
271 1843 379 1870 novo
395 1829 606 1872 Canonieo
619 1832 700 1875 ‚ob
711 1830 960 1869 contrariam
977 1828 1309 1877 protestationem
1319 1826 1431 1864 Con-
1469 1836 1473 1842 ·

101 1879 380 1922 fraternitatis
395 1905 409 1925 2
440 1890 581 1931 aperte
609 1881 758 1921 saltem
786 1880 966 1921 declarat
998 1879 1212 1918 dissensum
1241 1878 1426 1925 Capituli

99 1932 216 1975 idem
243 1935 308 1980 jus
339 1932 592 1975 concedendi
619 1960 635 1980 ,
665 1942 712 1973 ut
740 1933 834 1973 ideo
864 1934 914 1973 de
931 1932 1043 1971 illius
1070 1930 1348 1978 competentia
1365 1931 1428 1974 ju·-

97 1985 238 2076 dicssre
251 1994 441 2043 oporteat
456 1985 506 2027 ad
522 1985 712 2027 tramites
730 1986 829 2032 juris
846 2009 862 2029 ,
875 1997 954 2025 non
968 1992 1109 2023 autem
1122 1994 1168 2022 ex
1185 1982 1429 2020 con-ventio-

101 2049 153 2078 ne
197 2046 351 2076 attium
367 2065 378 2075 .

52 2093 151 2135 Nec
168 2089 307 2129 censet
319 2089 368 2129 ab
384 2088 529 2129 eadem
556 2087 847 2138 protestatione
861 2087 1054 2129 recessum
1068 2083 1191 2125 fuiss‘e‘
1202 2086 1240 2124 in
1256 2084 1429 2134 Capitu-

103 2142 185 2181 lari
201 2139 450 2182 resolutione
466 2139 551 2180 diei
566 2153 603 2183 3.
619 2139 725 2179 Maii
745 2153 813 2188 ¹75
823 2155 858 2180 2.
876 2166 890 2186 ‚
921 2140 970 2180 ob
985 2137 1245 2179 enuntiatum
1260 2139 1321 2182 jus
1338 2149 1428 2186 par-

102 2192 304 2243 ticipandi
332 2192 466 2243 quoad
484 2192 774 2232 novemdecim
800 2191 1059 2241 capitulares
1090 2191 1171 2238 post
1187 2190 1427 2239 suppreffio-

103 2258 201 2287 nem
212 2245 486 2285 canonicatus
500 2242 667 2284 Mancia
683 2257 698 2285 ‚·
722 2243 817 2294 quia
835 2247 929 2284 cum
947 2242 1162 2284 succeffive
1177 2242 1246 2281 die
1264 2255 1278 2280 1
1290 2255 1325 2279 2.
1345 2242 1430 2280 Aua

105 2297 208 2349 gusti
229 2311 342 2345 1752.
372 2296 596 2336 deventum
613 2295 741 2336 fuerit
771 2297 820 2335 ad
835 2296 1141 2345 stipulationem
1171 2294 1428 2333 instrumenti

106 2350 337 2390 Erectionis
367 2360 462 2389 cum
480 2347 701 2388 insertione
713 2347 1046 2389 Conventionum
1065 2344 1272 2396 praefatam
1289 2354 1429 2394 prote-

104 2402 321 2444 stationem
335 2400 656 2447 continentium,
668 2401 817 2450 praevio
833 2400 1090 2449 beneplacito
1103 2407 1289 2444 tempore
1304 2396 1434 2436 inter·-

108 2455 247 2494 medio
269 2466 291 2494 a
307 2454 388 2493 san.
408 2464 534 2492 mem.
552 2452 772 2492 Benedicto
789 2451 901 2492 X1v.
921 2452 1144 2499 impetrato
1162 2474 1176 2495 ,
1191 2448 1431 2498 posteriores

109 2505 340 2552 hujusmodi
356 2506 470 2545 aetus
488 2528 502 2549 ‚
528 2505 597 2555 qui
623 2505 721 2544 dant
741 2506 916 2543 formam
933 2501 1159 2554 ereetioni,
1187 2500 1434 2549 praestantio-

114 2569 178 2597 res
193 2566 431 2608 reputantur
459 2556 579 2597 dubia
598 2556 862 2596 enunciativa
878 2556 1088 2594 occalione
1117 2552 1332 2591 familiaris
1354 2552 1437 2603 dis—
1464 2582 1467 2585 .

104 2608 302 2650 -cuffionis
318 2610 583 2660 negociorum
602 2608 786 2658 Capituli
812 2605 948 2647 emissa
964 2608 1003 2645 in
1023 2604 1270 2656 praecedenti
1299 2606 1435 2645 mense

113 2660 822 2707 Maio‚absenteC011fratemitam&
838 2659 943 2698 citra
958 2658 1142 2697 animum
1168 2657 1436 2696 contrahendi

114 2711 480 2762 obligatione-mad
495 2714 652 2756 firmata
673 2724 743 2763 per
761 2711 849 2752 Rot.
864 2711 1073 2763 indecifi„
1085 2722 1155 2750 m.
1167 2724 1180 2748 ι
1195 2708 1435 2750 ι.ςα’,.·.Μοῖιή.

164 2765 411 2810 Tem-1000.
849 2762 878 2803 B
909 2775 929 2802 2
1294 2761 1437 2810 Qum-
