1934 2954
96 160 147 198 sia
162 158 197 197 S.
214 156 376 208 Joaunis
395 168 416 195 a
431 157 613 196 Parocho
625 155 868 207 villingensi
887 181 901 203 ,
917 167 1013 196 cum
1044 156 1257 198 affistentia
1282 123 1423 201 tanigri

96 208 339 259 Cappellani
369 208 677 259 Superpelliceo
693 234 705 253 ‚
734 211 772 249 &
793 208 909 248 Stola
931 209 1080 254 induti,
1099 221 1178 260 quo
1207 214 1324 260 pacto
1354 215 1422 252 fibi

100 261 369 302 blandiuntur
385 262 495 301 suam
517 261 765 310 iiraeservaffe
779 261 1108 307 jurisdictionem
1128 291 1138 301 .

46 315 100 355 Et
117 313 267 354 nedum
281 315 369 358 jure
389 314 722 353 Parochialitatis
741 339 753 358 ‚
768 314 834 353 sed
852 314 980 354 etiarn
1007 315 1150 364 vigore
1184 314 1424 366 privilegio-

97 377 188 406 rum
202 365 373 405 Ordinis
390 366 792 413 Hierosolymam,
810 366 1004 406 differunt
1020 393 1032 412 ‚
1052 368 1178 407 licere
1207 367 1425 417 Cappella-

100 431 153 458 no
167 416 429 457 Sacramenta
445 418 723 458 administrare
742 419 995 469 Degentibus
1014 419 1121 460 intra
1152 420 1274 468 Septa
1302 421 1425 460 Com-

106 470 262 509 mendae
279 481 349 518 pro
367 471 476 510 illius
493 471 664 511 servitio
678 485 691 511 ,-
709 473 800 509 cum
820 471 883 510 illi
900 473 1018 521 plena
1053 472 1259 522 gaudeant
1290 485 1426 512 exem-

102 521 244 570 ptione
262 535 281 561 a
302 525 498 571 potestate
519 523 744 563 Ordinaria
759 548 772 566 ‚
787 525 900 570 juxta
918 525 1126 564 censuram
1143 525 1254 564 Sacri
1269 525 1423 564 Conci-

108 575 155 614 lii
174 575 412 614 Tridentini
423 577 734 625 sess.24.cap.11.
755 579 801 616 de
816 577 1026 624 rezfhrm.‚&¹
1042 578 1184 627 Constit.
1204 579 1428 628 Circumspe-

105 629 159 664 ἱὶα
175 632 238 674 67.
255 636 336 670 σα.
352 629 556 668 san.mem.
576 628 771 676 Gregorii
790 627 906 667 XIII.
925 658 933 668 .
949 629 999 667 Et
1013 638 1229 678 propterea
1242 631 1425 674 censent,

106 679 269 718 licitam
298 678 373 719 effe
405 680 444 718 in
475 679 617 719 eadem
651 680 825 720 Ecclefia
867 681 1145 721 retentionem
1181 681 1426 721 Sanffissimi

98 732 356 771 Eucharistiae
376 732 627 771 Sacramenti
643 757 655 775 a
677 734 715 773 ἃ
731 733 944 772 Sacrorum
963 733 1184 775 Oleorums
1199 734 1427 785 eademque

105 784 222 823 Sacra
238 785 346 824 Olea
360 797 380 822 a
407 784 603 833 Capitulo
628 785 764 824 Rurali
796 785 988 835 Villingae
1018 786 1216 826 tradenda
1232 784 1308 826 esse
1326 813 1338 831 ‚
1356 788 1428 825 de·-

102 835 292 881 fendunt‚
307 837 560 885 Cappellano
589 837 627 875 S.
657 837 819 886 Joannis
847 863 860 883 ‚
891 839 929 878 Sc
958 838 1114 877 Curato
1155 839 1425 888 Gruningenfi

102 888 364 928 Commendat
396 889 575 928 subiesto
597 913 609 932 ,
640 890 782 940 absque
813 890 899 929 ulla
927 890 1129 930 solutione
1162 890 1428 930 affel‘tal·u1n..=

102 941 429 980 consolationum
449 965 461 984 ,
479 953 564 991 quae
586 942 817 990 praestantur
835 943 928 982 loco
943 943 1227 982 Cathedratici
1243 969 1252 987 ‚
1272 943 1364 994 quia
1386 943 1426 980 in

106 992 377 1032 Instrumento
404 994 497 1032 anni
515 1007 628 1042 1747.
657 1003 908 1033 conventum
941 993 1021 1033 fuit
1042 1021 1055 1040 ,
1086 996 1192 1045 quod
1219 994 1426 1034 Parochiae

106 1045 258 1083 Ordini
290 1046 677 1093 Hierosolvmitano
706 1046 889 1086 subieftae
930 1055 1172 1087 tenerentur
1212 1048 1428 1086 dumtaxat

106 1096 269 1137 solvere
288 1097 555 1147 quadraginta
573 1097 767 1137 Florenos
781 1108 845 1148 pro
877 1100 1175 1147 Consblationibus
1206 1098 1428 1149 Episcopali-

106 1151 168 1187 bus
184 1173 197 1193 ‚
226 1152 268 1193 «ἐφ’
283 1152 438 1188 omnihus
455 1150 538 1187 aliis
557 1152 716 1187 oneribus
734 1180 743 1189 .
764 1151 942 1190 Demum
958 1152 1156 1198 postulant
1176 1176 1188 1196 ‚
1225 1161 1269 1190 ut
1299 1151 1338 1190 in
1367 1163 1430 1189 ea·-

107 1201 203 1240 dem
221 1202 398 1242 Ecclesia
413 1201 676 1241 Commendae
694 1203 873 1251 erigatur
890 1203 992 1241 Fons
1013 1202 1270 1251 Baptismalis
1287 1233 1297 1243 .

54 1247 235 1293 Auditus
251 1262 387 1293 tamen
402 1254 452 1292 de
467 1265 579 1291 more
597 1254 943 1294 Eminentiffimus
976 1255 1220 1294 Ordinarius
1251 1255 1398 1294 retulit
1416 1278 1430 1298 ‚

108 1305 500 1356 quodCappellanus
521 1305 559 1344 S.
578 1305 738 1353 Joannis
756 1306 968 1346 consuevit
1000 1309 1046 1345 ab
1078 1307 1396 1346 immemorabili
1415 1330 1430 1349 ‚

108 1357 372 1397 Sacramenta
391 1357 921 1401 PaenitentiaeAEucharistiae
936 1384 948 1403 ‚
967 1359 1005 1398 ὃς
1022 1367 1212 1398 extrema:
1228 1358 1430 1397 unctionis

105 1409 329 1449 ministrare
346 1410 451 1449 intra
467 1409 588 1457 Septa
606 1409 866 1448 Commendae
881 1437 893 1456 ,
927 1419 1016 1449 tum
1031 1411 1397 1450 Commendatario
1415 1435 1429 1453 ,

106 1469 199 1501 tum
217 1462 302 1507 ejus
322 1461 604 1500 Familiaribus
621 1485 634 1505 ‚
661 1461 709 1500 ad
727 1461 899 1501 formam
928 1472 1065 1502 tamen
1091 1463 1430 1512 privilegiorum

108 1512 279 1552 Ordinis
294 1538 307 1557 ‚
322 1514 360 1553 8<
376 1516 425 1550 ad
442 1527 521 1551 eum
539 1516 679 1551 modum
695 1540 706 1558 ‚
726 1529 791 1564 quo
806 1529 826 1552 a
839 1514 1025 1563 Religiofis
1057 1515 1241 1564 quibusvis
1273 1516 1430 1563 respeffu

105 1566 391 1615 Domesticorum
405 1592 416 1611 ,
435 1569 477 1610 ὠ*
489 1564 903 1614 Familiariumsuorum
921 1568 1012 1612 fieri
1027 1568 1151 1615 aſjblet
1166 1579 1176 1604 z
1209 1566 1426 1617 quodque-2

112 1616 376 1657 Sacramenta
394 1618 590 1667 Baptismi
606 1642 618 1660 ,
635 1618 673 1656 ἃ
688 1618 978 1662 Matrimonii,
1006 1630 1075 1666 pro
1103 1618 1222 1657 unica
1238 1619 1431 1667 coniuga—

109 1677 153 1707 ta
171 1670 342 1709 Familia
355 1669 571 1710 AEconomi
586 1670 690 1708 intra
711 1670 834 1717 Septa
852 1670 1151 1715 refidente‚non
1165 1682 1186 1709 a
1217 1670 1433 1719 Cappella·

113 1731 165 1759 no
182 1747 195 1765 ,
218 1722 287 1760 sed
313 1735 335 1760 a
362 1721 543 1761 Parocho
571 1721 726 1770 Oppidi
754 1722 948 1770 Villingae
973 1721 1249 1760 administrata
1275 1723 1432 1769 semper

108 1771 275 1811 fuerunt
291 1772 810 1816 inEcclefiaParochiali,ut
821 1773 978 1811 eruitur
990 1774 1117 1811 etiam
1134 1785 1180 1810 ex
1196 1772 1434 1820 partitisLi-

114 1825 280 1862 brorum
299 1823 600 1863 Parochialium
618 1835 638 1861 a
656 1823 838 1862 Parocho
856 1822 1048 1862 exhibitis
1068 1832 1263 1872 :excepto
1280 1824 1433 1872 Baptis-

110 1887 180 1915 mo
198 1876 354 1914 collato
384 1875 500 1914 filiis
535 1873 792 1914 antecessoris
824 1874 1042 1913 AEconomi
1061 1901 1073 1920 ,
1104 1887 1204 1924 quos
1231 1875 1433 1914 Parochus

112 1927 315 1966 invitatus
333 1927 452 1966 Sacra
468 1927 620 1965 lustrali
634 1939 737 1976 aqua
755 1927 883 1966 abluit
903 1927 942 1965 in
976 1927 1152 1965 Ecclesia
1184 1927 1223 1965 S.
1242 1927 1400 1972 loannis
1417 1952 1432 1971 ‚

109 1992 206 2019 cum
221 1978 436 2019 affistentia
452 1978 692 2028 Cappellani
720 1978 1016 2028 superpelliceo
1035 2003 1047 2021 ‚
1075 1980 1113 2018 δε
1134 1978 1250 2017 Stola
1274 1979 1432 2018 induti:

109 2033 149 2073 δε
164 2039 339 2079 excepto
354 2030 624 2070 Matrimonio
640 2030 827 2070 hodierni
847 2030 1063 2069 AEconomi
1080 2031 1280 2069 contracti
1296 2043 1433 2071 coram

109 2083 363 2134 Cappellano
378 2096 481 2123 anno
498 2094 611 2130 1753.
631 2108 641 2126 ,
662 2083 767 2132 quod
784 2081 1247 2122 tamemevalidandum
1273 2082 1351 2123 esse
1367 2096 1435 2122 co·-

112 2148 198 2175 ram
214 2134 397 2175 Parocho
411 2134 602 2175 decrevit
617 2132 740 2175 Curia
759 2133 1012 2182 Episcopalis
1031 2159 1044 2179 ‚
1061 2134 1100 2173 ὃς
1116 2133 1166 2173 de
1185 2133 1298 2173 illius
1324 2135 1433 2174 vali-

45 2191 48 2194 ⁴
112 2188 242 2227 ditate
262 2187 312 2226 lis
330 2188 480 2235 pendet
498 2187 537 2224 in
554 2188 627 2225 hac
645 2187 764 2225 Sacra
777 2186 1104 2236 Congregatione
1121 2215 1131 2225 .
1151 2185 1330 2237 Ideoque
1343 2200 1436 2226 cen—-

114 2241 176 2280 set
194 2239 418 2279 Ecclesiam
437 2239 474 2278 S.
492 2238 657 2289 joannis
676 2241 886 2289 neutiquam
902 2239 970 2287 effi
985 2252 1070 2277 vere
1086 2239 1353 2283 parochialem,
1362 2240 1434 2288 sed

111 2292 182 2341 effi:
196 2317 209 2337 ,
236 2295 279 2336 ὠ·
296 2306 437 2330 manere
454 2291 655 2340 cappellam
667 2290 941 2341 privilegiatam
952 2291 1068 2336 ijta
1079 2289 1401 2331 Constitutiones
1418 2315 1432 2337 ‚

111 2346 152 2385 Sc.
165 2343 483 2383 consuetudines
505 2341 675 2383 Ordinis
694 2371 704 2382 .

270 2395 557 2444 Dignabuntur
576 2394 715 2446 itaque
733 2395 813 2436 ΕΒ.
829 2395 918 2435 VV.
936 2393 1105 2434 definire
1124 2424 1134 2434 .

64 2446 99 2487 I.
150 2450 220 2488 An
249 2449 404 2497 Ecclesia
420 2447 459 2487 S.
492 2445 648 2496 Joannis
676 2448 895 2486 Commendae
923 2446 1123 2496 Villingen.
1154 2445 1287 2496 Inclyti
1316 2447 1431 2486 Ordi-

212 2501 266 2538 nis
285 2499 663 2551 Hierosolymitanifit
673 2512 759 2538 vere
775 2497 1000 2539 parochialis
1015 2497 1035 2537 ἓ
1068 2499 1106 2540 &
1126 2507 1329 2550 quatenus
1365 2511 1435 2539 ne-

244 2561 359 2591 ative
374 2581 383 2591 .

61 2602 116 2643 Π.
156 2565 239 2642 Ang
252 2603 469 2654 Cappellano
493 2604 595 2653 ipstus
623 2605 843 2642 Commendae
866 2611 1038 2652 competat
1056 2601 1123 2651 jus
1153 2602 1436 2652 administrandi

210 2657 446 2696 Sacramenta
462 2655 671 2707 Domesticis
685 2680 699 2703 ‚
725 2658 768 2703 &¹
779 2654 1045 2695 familiaribus
1061 2658 1164 2696 intra
1181 2655 1281 2695 illius
1289 2656 1432 2744 epta-2

1332 2719 1437 2757 egen·
