1934 2954
1367 202 1383 229 ι
1395 203 1409 229 1
1422 203 1444 238 7

96 237 339 280 Camerini,
365 236 403 274 ἃ
417 235 592 273 duarum
612 244 660 273 ex
678 233 806 272 tribus
824 233 1009 282 partibus
1037 233 1196 275 Domus
1215 235 1373 289 Magnae
1402 243 1444 282 in

94 290 204 330 Urbe
219 288 360 327 favore
376 286 650 326 Haereditatis
668 285 1007 334 praeservatarum
1027 287 1067 326 in
1082 288 1202 328 didus
1220 289 1447 334 Decifioni·

93 346 164 384 bus
186 344 412 381 camerinen.
430 342 644 388 Immtffionis
666 336 907 383 5.Februarii
921 364 934 383 ‚
971 343 1016 384 «ἐν
1035 355 1094 389 14.
1113 342 1216 391 Julii
1239 349 1353 391 ¹748-
1385 361 1443 384 ρο-

94 409 174 434 ram
189 398 375 433 hommem.
393 395 624 431 Vicenomice
643 417 656 437 ,
686 393 724 431 &
741 391 944 432 deficiunt
959 406 1123 445 quoque
1155 395 1235 434 alia
1253 397 1355 436 bona
1368 400 1445 439 sta·-

91 450 190 488 bilia
204 474 216 493 ,
234 460 308 487 nec
330 458 407 485 non
426 445 598 484 mobilia
615 471 627 490 ‚
646 445 829 492 pecuniae
847 470 860 489 ‚
892 446 930 485 Sc
943 457 1104 486 merces
1135 449 1289 487 relistae
1318 461 1339 488 a
1352 450 1444 490 Bar-

90 503 191 541 naba
208 527 221 545 ‚
253 502 291 540 &c
308 501 539 548 spefflutes
556 499 606 537 ad
623 497 738 536 illius
756 498 1065 539 Haereditatem
1083 527 1096 545 ‚
1133 510 1178 540 ut
1195 503 1443 544 enunciatur

93 554 134 593 in
153 552 358 603 praedie‘fis
376 551 666 601 Chirographo
685 575 697 595 ‚
727 551 765 590 Sc
782 549 1055 592 Instrumento
1073 553 1274 594 Ceffionis
1298 554 1442 597 Came.

90 607 189 645 ralis
205 632 218 651 ‚
248 617 422 657 quorum
440 603 596 643 intuitu
616 603 846 643 calculatur
860 617 882 643 a
896 603 1149 646 Monialibus
1167 609 1284 647 valor
1299 608 1441 650 Haere-

87 658 443 704 ditatis‚dedu&is
460 654 667 700 oneribus,
683 655 721 694 in
742 657 898 696 summa
915 657 1124 698 scutorum
1149 665 1376 707 12961.50.‚
1397 663 1436 704 ὃς

87 713 213 751 annui
230 711 415 751 redditus
430 709 638 748 scutorum
655 714 743 752 358.
763 715 851 757 78.:
881 718 972 750 tum
990 711 1153 762 insuper
1167 714 1265 764 quia
1292 714 1437 755 deficit

84 765 329 815 legitimum
358 761 645 803 Inventarium
670 761 720 801 de
751 763 869 802 bonis
898 765 1172 804 haereditariis
1199 791 1214 810 ‚
1243 768 1324 805 fine
1353 780 1436 817 quo

85 818 231 858 Haeres
250 819 432 866 allegare
447 814 594 866 nequit
624 814 1185 863 insufficientiamjbonorum
1212 818 1435 859 haeredita-

88 871 243 911 riorum
262 896 276 915 ‚
294 882 368 910 nec
383 869 422 909 se
441 867 624 909 eximere
641 869 689 906 ab
707 868 868 919 integra
887 870 1141 917 praestatione
1155 871 1300 921 legati,
1317 872 1433 917 juxta

85 922 247 963 firmata
261 936 333 973 per
350 922 484 960 Rotam
513 924 553 959 in
565 920 730 958 Romana
747 922 1065 972 Cappellam‘arum
1093 937 1157 972 27.
1180 924 1293 975 Junii
1315 938 1386 974 172
1394 936 1432 971 5.

91 976 131 1026 ᾧ.
152 979 281 1021 Ροννὸ,
301 979 344 1020 ’ἐπ’
350 974 431 1024 seq.
459 976 934 1014 cor.b0n.mem.Gamaches
950 1004 962 1014 .

35 1026 196 1120 Qtliibus
227 1029 416 1070 omnibus
444 1027 645 1078 perpenfis
688 1026 966 1079 dignabuntur
1004 1027 1254 1070 Eminentiae
1279 1029 1429 1071 Vestrae

113 1082 258 1123 efinire

41 1131 76 1173 I.
130 1137 201 1175 An
208 1137 329 1187 stante
342 1136 398 1173 Re
414 1132 599 1182 Judicata
616 1130 665 1170 R.
683 1134 727 1171 P.
742 1133 794 1172 D.
812 1132 1053 1182 'Thesaurarii
1066 1159 1079 1180 ,
1107 1136 1152 1179 ’ἐφ’
1165 1137 1311 1184 Ceffione
1327 1134 1429 1176 Rev.

143 1190 304 1226 Camere
317 1185 536 1236 Apostolicae
540 1183 656 1234 super
665 1185 763 1223 bonis
779 1187 958 1224 Barnahae
969 1188 1125 1237 Benigni
1138 1212 1153 1232 ‚
1170 1190 1220 1238 fit
1223 1188 1396 1238 standum
1410 1212 1428 1233 ‚

137 1240 201 1279 vel
219 1241 457 1279 recedendum
469 1252 490 1275 a
506 1238 628 1286 decisis
632 1237 707 1285 sub
724 1239 784 1276 die
804 1252 817 1276 1
829 1243 862 1277 8.
881 1238 1032 1291 Aprilis
1053 1254 1067 1280 1
1078 1244 1167 1289 738.
1182 1239 1204 1278 ἓ
1228 1241 1267 1281 86
1280 1248 1428 1291 quater

141 1305 218 1332 nus
234 1295 281 1332 fit
294 1292 476 1331 standum
493 1290 532 1328 in
551 1289 692 1328 decifis
710 1318 719 1328 .

48 1342 103 1385 II.
141 1348 211 1387 An
218 1347 272 1396 fit
288 1345 384 1386 locus
403 1343 604 1384 reduftiom·
618 1366 633 1389 ‚
657 1345 695 1381 in
709 1340 793 1388 casu
807 1343 883 1389 ὠν.

1314 2789 1397 2834 Dic
