1934 2954
1369 168 1383 192 1

63 219 201 258 queant
217 234 228 255 ‚
255 210 333 257 five
348 221 413 245 non
428 232 439 252 ‚
464 210 597 256 siz-vore
611 208 723 244 trium
740 203 956 247 Puellarum
987 205 1205 249 Oratricum
1222 238 1231 250 ,
1249 208 1316 249 'Et
1332 169 1410 251 stac¹

65 261 245 301 ceffione
267 259 371 301 facia
389 274 458 310 per
479 259 718 308 prosperum
735 284 748 304 ,
766 258 928 310 quievit
947 258 1112 308 Angela
1128 258 1268 300 Duran
1282 290 1292 301 .

25 320 125 360 Non
160 314 320 364 quievit
347 323 486 354 tamen
513 314 663 353 Comes
696 311 869 362 joannes
887 310 1159 358 Laurentius,
1193 313 1262 363 qui
1294 315 1411 354 novis

67 365 226 405 oblatis
245 367 430 415 precibus
458 363 843 407 SANCTISSIMO
874 363 1119 406 DOMINO
1144 360 1412 410 NOSTRO,

80 418 132 456 ad
151 420 252 457 hanc
274 420 436 460 Sacram
451 417 824 469 congregationem
842 416 934 456 inde
953 415 1120 460 remiffis
1146 416 1228 456 cnm
1253 419 1413 457 omnibus

74 469 323 513 facultatibus
351 476 555 524 neceffariis
574 498 587 516 ‚
622 473 878 519 &opportunis
897 495 909 515 ,
935 471 1108 519 postulat
1136 468 1414 510 facultatem„

82 523 291 578 alienandi
321 530 401 567 alia
416 530 562 567 decem
591 536 637 564 ex
653 521 826 572 praefatis
842 523 960 563 Locis
977 522 1188 562 Montium
1205 523 1411 570 destinatis

80 586 156 634 pro
172 577 296 616 tundo
316 580 587 619 Subfidiorum
605 576 820 614 Dotalium
836 601 849 621 ,
878 586 923 615 ut
938 589 984 617 ex
1001 576 1169 616 illorum
1200 577 1337 624 pretio
1351 575 1435 614 dir

82 638 257 671 mittere
274 631 391 680 poffit
408 645 457 672 aes
471 632 653 671 alienum
670 654 682 674 ,
717 640 796 677 quo
825 630 1024 678 premitur
1053 628 1093 670 in
1107 629 1262 668 summa
1279 630 1418 668 scuto-

85 694 176 721 rum
199 696 286 731 747.
308 710 320 730 ,
347 686 461 730 juxta
478 682 696 723 exhibitam
715 679 921 720 Notulam
937 707 949 726 ‚
982 682 1140 732 suisque
1157 681 1297 725 valeat
1317 692 1417 720 con—-

81 735 216 775 sulere
243 738 431 786 angustiis
448 766 457 775 .
490 734 658 774 Disserit
673 733 792 782 porro
809 758 822 778 ,
849 733 954 784 quod
971 735 1086 782 juxta
1100 729 1415 784 multiplicum

79 788 327 836 imperatum
360 789 399 827 in
432 787 714 837 chirographo
732 785 976 831 Pontificio,
1010 787 1213 833 cumulari
1238 787 1287 836 ad
1311 782 1416 835 hanc

81 841 194 880 diem
217 840 412 881 debuisset
439 853 461 880 a
490 840 683 889 Prospero
715 851 793 878 non
824 840 985 886 modica
1002 836 1210 889 pecunia,
1235 834 1417 878 nedum.»

79 892 282 936 sufficiens
298 905 368 942 pro
385 892 723 943 Primogcniturae
735 891 1074 942 reintegratione,
1087 891 1157 930 sed
1169 887 1415 940 'etiam‘ex'u-

80 946 224 985 berans
245 945 284 984 in
302 945 535 995 quantitate
549 946 753 985 scutorum
768 950 861 995 ⁷822·
877 951 943 992 98.
967 956 976 986 ε
1009 944 1199 995 quodque
1219 942 1415 992 affignata

81 997 278 1045 Prospero
292 997 466 1056 dimidia
483 1006 596 1047 parte
614 996 884 1038 Subfidiorum
904 1009 977 1046 pro
990 997 1118 1041 tribus
1135 995 1292 1034 Puellis
1306 995 1353 1034 ab
1366 1005 1418 1034 eo

80 1049 340 1090 nominandis
359 1076 371 1095 ,
384 1049 602 1089 commode
619 1049 738 1099 poffit
756 1047 954 1089 residuum
971 1049 1142 1089 alterius
1175 1045 1418 1087 medietatis

81 1102 286 1145 cumulari
304 1115 374 1151 pro
391 1102 687 1152 reintegrandis
703 1100 821 1141 Locis
839 1102 1050 1146 Montium
1068 1127 1080 1147 ‚
1109 1107 1283 1151 quor-um
1309 1097 1422 1148 petit

83 1155 379 1199 alienationem
396 1168 410 1194 3
439 1157 477 1195 ὃς
494 1158 572 1194 hoc
590 1155 706 1204 pacto
722 1154 937 1194 contendit
953 1179 965 1198 ,
981 1155 1142 1193 nullum
1159 1149 1419 1200 Primogeni-

82 1216 185 1249 turre
201 1233 214 1253 ,
248 1215 319 1246 aut
339 1206 622 1257 Primogenito
639 1233 651 1252 ‚
667 1207 875 1247 modicum
894 1206 1048 1247 Puellis
1066 1202 1326 1253 nominandis
1343 1202 1416 1244 ob-

80 1269 307 1301 venturum
320 1260 601 1308 praejudicium
618 1289 627 1298 .

23 1312 247 1363 'Nullaque
263 1312 303 1352 in
318 1312 453 1359 pretio
467 1312 647 1360 disputat
660 1310 888 1351 habendum
907 1311 982 1350 esse
995 1310 1033 1356 d,
1052 1307 1331 1359 praejudicium
1348 1306 1420 1343 ob«.-

81 1373 306 1407 venturum
324 1361 478 1403 P-uellis
497 1388 508 1407 ,
527 1365 606 1403 five
622 1363 717 1414 quia
734 1363 890 1402 incerta
907 1364 959 1403 est
976 1360 1121 1410 ear'um*
1138 1359 1290 1398 electio
1308 1383 1320 1403 ,
1334 1357 1417 1395 five

84 1417 179 1469 quia
196 1416 335 1465 potior
349 1418 401 1455 est
428 1416 543 1456 causa
561 1416 704 1464 inopire
722 1440 734 1458 ‚
750 1414 798 1454 ad
816 1428 938 1466 quam
955 1413 1143 1464 pervenit
1161 1412 1420 1452 Orator-‚non

82 1471 156 1509 sua
173 1468 293 1517 eulpa
312 1493 325 1512 ‚
358 1468 425 1519 sed
440 1473 489 1507 ob
506 1469 761 1510 numerosam
779 1467 986 1507 sobolem:
1013 1466 1063 1505 ob
1078 1465 1336 1509 senec-‘tutem
1348 1487 1362 1506 ,
1377 1461 1416 1500 Sc

84 1522 239 1563 malam
256 1519 553 1560 valetudinem:
568 1522 618 1561 ob.
629 1520 820 1560 secundas
831 1520 1061 1559 contractas
1077 1517 1239 1565 nuptias
1259 1515 1311 1553 ad
1327 1525 1424 1563 pro-

85 1572 171 1614 lem
188 1572 455 1613 masculinam
483 1584 555 1622 pro
582 1572 828 1623 Agnationis
858 1571 1139 1622 perpetuitate
1157 1595 1171 1615 ,
1202 1570 1318 1614 juxta
1347 1577 1424 1603 xro-1

88 1635 182 1668 tum
198 1624 425 1665 Testatoris
443 1651 456 1670 ‚
484 1625 808 1675 propagandam:
840 1626 878 1664 &⁷
897 1626 947 1664 ob
966 1623 1216 1662 diminutam
1244 1617 1424 1668 imperio

90 1677 243 1728 Judicis
261 1676 558 1718 alimentorum
584 1677 880 1725 praestationem,
901 1676 950 1716 ad
965 1677 1164 1716 summam
1179 1699 1192 1719 ‚
1221 1683 1306 1722 quae
1335 1694 1349 1717 φ
1379 1675 1428 1708 ut

79 1731 268 1782 inquit,
310 1730 481 1768 minime
508 1729 708 1770 sufficiens
738 1731 792 1769 est
818 1742 889 1778 pro
909 1729 1048 1771 vic‘tu,
1082 1726 1254 1768 vestibus
1272 1749 1285 1768 ‚
1312 1721 1428 1778 hssabi-

83 1783 255 1822 tatione
273 1807 284 1826 ,
303 1783 342 1820 &
359 1781 558 1824 Famulo‚
591 1794 670 1832 quo
698 1782 918 1826 caecutiens
945 1779 1110 1818 ducitur
1138 1789 1211 1825 per
1241 1774 1397 1813 Urbem
1413 1797 1430 1816 ,

91 1834 308 1883 minusque
333 1845 405 1881 pro
434 1832 608 1871 Livellis
639 1832 866 1876 Filiorum,
898 1829 1182 1877 Filiarumque
1202 1824 1430 1873 Religiosaae

92 1897 184 1929 rum
212 1910 225 1930 ,
253 1885 291 1923 Sc
317 1896 389 1931 pro
416 1884 606 1923 convic‘tu
640 1883 820 1922 secundae
851 1881 1002 1922 Uxoris
1035 1880 1077 1918 in
1096 1874 1432 1932 >Conservatorio

95 1934 390 1979 commorantis
407 1947 417 1974 z
445 1944 662 1976 autumans
678 1961 692 1981 ,
721 1947 767 1975 ex
784 1935 897 1973 bonis
912 1933 1053 1972 Avitis
1071 1933 1181 1981 prius
1195 1930 1432 1984 subvenienq·

96 1989 196 2031 dum
214 1987 292 2028 esse
306 1987 465 2036 Nepoti
494 1988 689 2038 pauperi,
719 2000 840 2038 quam
858 1984 1063 2026 extraneis
1080 2007 1093 2026 ‚
1123 1984 1239 2029 juxta
1265 1979 1433 2024 ordina-

98 2052 186 2082 tam
204 2039 452 2080 charitatem
470 2064 484 2084 ‚
515 2041 800 2089 praesumptam
817 2036 1039 2077 Testatoris
1068 2043 1252 2074 mentem
1268 2058 1282 2078 ,
1313 2032 1351 2071 Sc
1368 2032 1434 2077 ju·=

98 2095 153 2134 ris
172 2091 506 2141 dispofitionem‚
537 2100 583 2132 ut
600 2091 806 2138 soepisfime
838 2088 1036 2137 rescripsit
1068 2092 1151 2129 naec
1179 2086 1300 2125 Sacra
1321 2082 1434 2122 Con-

97 2146 284 2196 gregatio
314 2143 354 2183 in
371 2142 561 2182 terminis
596 2141 868 2181 subsidiorum
898 2139 1114 2180 Dotalium
1131 2163 1145 2182 ‚
1173 2139 1212 2178 ὃς
1241 2134 1434 2176 definivit

97 2199 198 2236 Rota
223 2201 261 2236 in
275 2196 385 2245 decis.
390 2200 456 2242 98.
478 2209 598 2234 coram
616 2197 779 2239 Duram,
795 2197 838 2241 &⁶
852 2197 889 2233 in
904 2192 1074 2240 Perufiaa
1089 2191 1337 2242 Subfidiarura
1354 2190 1434 2226 Do-

101 2251 234 2293 talium
252 2249 393 2289 2.Maii
414 2259 529 2295 1704’
544 2261 662 2290 coram
677 2249 805 2289 Scotto
819 2277 829 2287 .

51 2303 264 2357 Excipitur
281 2310 422 2340 tamen
441 2313 463 2339 a
481 2299 677 2349 Prospero
692 2323 706 2344 ,
734 2299 1028 2349 reintegratam
1055 2295 1237 2341 nondum
1249 2291 1328 2333 esse
1345 2291 1435 2333 Pri-

110 2355 415 2405 mogenituram
432 2378 445 2397 ,
472 2354 510 2392 &
527 2353 697 2392 erronee
726 2365 748 2391 a
763 2351 914 2402 Joanne
931 2349 1154 2393 Laurentio
1181 2346 1304 2392 objici
1329 2343 1437 2383 mul-

103 2409 301 2459 tiplicum
330 2406 379 2445 ad
395 2405 636 2444 suadendam
665 2403 971 2454 primogenialis
987 2401 1086 2447 {affis
1118 2399 1344 2438 absolutam
1371 2408 1436 2435 re-

104 2460 424 2502 staurationem,
454 2459 547 2496 cum
583 2457 623 2495 in
638 2456 917 2506 Chirographo
944 2452 1160 2493 Pontificio
1187 2451 1317 2489 solum
1335 2460 1437 2498 prae-

107 2513 287 2563 cipiatur
312 2523 384 2562 pro
398 2507 936 2559 reintegrationeLocorum
952 2505 1165 2550 Montium
1179 2514 1227 2542 ex
1242 2501 1436 2558 Subli-dio-

108 2577 202 2605 rum
213 2563 422 2605 substantia
440 2562 713 2601 alienatorum
731 2586 744 2606 ‚
775 2572 854 2598 non
869 2567 1009 2599 autem
1027 2568 1099 2605 pro
1112 2555 1438 2604 relntegratione

56 2629 61 2644 ‘³
107 2617 450 2668 Primogeniturae
464 2638 478 2658 ,
507 2627 590 2665 quae
605 2627 685 2653 non
701 2612 910 2652 modicum
938 2607 1041 2661 paffa
1054 2610 1108 2649 est
1135 2607 1439 2652 detrimentum

110 2669 349 2719 ,recipiendo
373 2667 614 2707 minutatim
643 2667 755 2705 suam
781 2662 1174 2714 reintegrationem,
1196 2659 1244 2717 j&
1271 2657 1440 2714 gravius

108 2722 245 2768 {extet
259 2719 447 2766 Poffeffor
474 2718 755 2771 praejudicium
770 2743 784 2765 ‚
808 2718 835 2757 si
849 2722 1068 2769 cogeretur
1087 2713 1130 2757 in
1148 2718 1438 2762 reintegratio-

913 2772 916 2773 ⁷
1345 2770 1443 2806 nem
