<?xml version="1.0" encoding="UTF-8"?>
<!DOCTYPE html PUBLIC "-//W3C//DTD XHTML 1.0 Transitional//EN"
    "http://www.w3.org/TR/xhtml1/DTD/xhtml1-transitional.dtd">
<html xmlns="http://www.w3.org/1999/xhtml" xml:lang="en" lang="en">
 <head>
  <title>
</title>
<meta http-equiv="Content-Type" content="text/html;charset=utf-8" />
  <meta name='ocr-system' content='tesseract 3.04.00' />
  <meta name='ocr-capabilities' content='ocr_page ocr_carea ocr_par ocr_line ocrx_word'/>
</head>
<body>
  <div class='ocr_page' id='page_1' title='image "./thesaurusresolut30cath_0270.png"; bbox 0 0 1934 2954; ppageno 0'>
   <div class='ocr_carea' id='block_1_1' title="bbox 340 171 430 209">
    <p class='ocr_par' dir='ltr' id='par_1_1' title="bbox 340 171 430 209">
     <span class='ocr_line' id='line_1_1' title="bbox 340 171 430 209; baseline 0 -1"><span class='ocrx_word' id='word_1_1' title='bbox 340 171 430 209; x_wconf 71' lang='lat'>262:</span> 
     </span>
    </p>
   </div>
   <div class='ocr_carea' id='block_1_2' title="bbox 924 166 1324 211">
    <p class='ocr_par' dir='ltr' id='par_1_2' title="bbox 924 166 1324 211">
     <span class='ocr_line' id='line_1_2' title="bbox 924 166 1324 211; baseline 0.005 -2"><span class='ocrx_word' id='word_1_2' title='bbox 924 166 1324 211; x_wconf 81' lang='lat' dir='ltr'>INDEX</span> 
     </span>
    </p>
   </div>
   <div class='ocr_carea' id='block_1_3' title="bbox 313 247 1845 290">
    <p class='ocr_par' dir='ltr' id='par_1_3' title="bbox 313 247 1845 290">
     <span class='ocr_line' id='line_1_3' title="bbox 313 247 1845 290; baseline -0.002 -15"><span class='ocrx_word' id='word_1_3' title='bbox 313 248 459 284; x_wconf 55' lang='lat' dir='ltr'>Episcopus</span> <span class='ocrx_word' id='word_1_4' title='bbox 471 257 564 277; x_wconf 79' lang='lat' dir='ltr'>tamen</span> <span class='ocrx_word' id='word_1_5' title='bbox 581 250 686 278; x_wconf 67' lang='lat' dir='ltr'>nonnisi</span> <span class='ocrx_word' id='word_1_6' title='bbox 705 259 739 290; x_wconf 65' lang='lat' dir='ltr'>eir</span> <span class='ocrx_word' id='word_1_7' title='bbox 751 247 921 286; x_wconf 71' lang='lat' dir='ltr'>gravissima,</span> <span class='ocrx_word' id='word_1_8' title='bbox 940 254 969 279; x_wconf 61' lang='grc' dir='ltr'>ὃς</span> <span class='ocrx_word' id='word_1_9' title='bbox 979 253 1061 279; x_wconf 80' lang='lat' dir='ltr'>ratio-</span> <span class='ocrx_word' id='word_1_10' title='bbox 1097 251 1157 278; x_wconf 80' lang='lat' dir='ltr'>filii</span> <span class='ocrx_word' id='word_1_11' title='bbox 1174 249 1293 277; x_wconf 77' lang='lat' dir='ltr'>familias</span> <span class='ocrx_word' id='word_1_12' title='bbox 1315 260 1370 285; x_wconf 87' lang='lat' dir='ltr'>qua</span> <span class='ocrx_word' id='word_1_13' title='bbox 1379 247 1486 278; x_wconf 56' lang='lat' dir='ltr'>ration}</span> <span class='ocrx_word' id='word_1_14' title='bbox 1496 248 1593 284; x_wconf 76' lang='lat' dir='ltr'>possint</span> <span class='ocrx_word' id='word_1_15' title='bbox 1603 247 1703 278; x_wconf 81' lang='lat' dir='ltr'>retrahi</span> <span class='ocrx_word' id='word_1_16' title='bbox 1725 248 1845 279; x_wconf 75' lang='lat' dir='ltr'>abiudi-</span> 
     </span>
    </p>
   </div>
   <div class='ocr_carea' id='block_1_4' title="bbox 347 284 1061 320">
    <p class='ocr_par' dir='ltr' id='par_1_4' title="bbox 347 284 1061 320">
     <span class='ocr_line' id='line_1_4' title="bbox 347 284 1061 320; baseline 0.003 -8"><span class='ocrx_word' id='word_1_17' title='bbox 347 285 433 313; x_wconf 89' lang='lat' dir='ltr'>nabili</span> <span class='ocrx_word' id='word_1_18' title='bbox 455 284 534 313; x_wconf 89' lang='lat' dir='ltr'>causa</span> <span class='ocrx_word' id='word_1_19' title='bbox 554 284 642 320; x_wconf 85' lang='lat' dir='ltr'>potest</span> <span class='ocrx_word' id='word_1_20' title='bbox 664 285 741 313; x_wconf 85' lang='lat' dir='ltr'>alteri</span> <span class='ocrx_word' id='word_1_21' title='bbox 766 286 940 314; x_wconf 85' lang='lat' dir='ltr'>committere</span> <span class='ocrx_word' id='word_1_22' title='bbox 961 288 1061 315; x_wconf 83' lang='lat' dir='ltr'>exerci-</span> 
     </span>
    </p>
   </div>
   <div class='ocr_carea' id='block_1_5' title="bbox 1133 284 1772 326">
    <p class='ocr_par' dir='ltr' id='par_1_5' title="bbox 1133 284 1772 326">
     <span class='ocr_line' id='line_1_5' title="bbox 1133 284 1772 326; baseline 0.002 -13"><span class='ocrx_word' id='word_1_23' title='bbox 1133 295 1192 322; x_wconf 84' lang='lat' dir='ltr'>gms</span> <span class='ocrx_word' id='word_1_24' title='bbox 1204 295 1240 313; x_wconf 87' lang='lat' dir='ltr'>nu</span> <span class='ocrx_word' id='word_1_25' title='bbox 1260 286 1303 325; x_wconf 76' lang='lat' dir='ltr'>riis</span> <span class='ocrx_word' id='word_1_26' title='bbox 1316 291 1328 313; x_wconf 72' lang='grc' dir='ltr'>ἒ.</span> <span class='ocrx_word' id='word_1_27' title='bbox 1342 291 1476 326; x_wconf 26' lang='lat' dir='ltr'>pa&#39;gorso.</span> <span class='ocrx_word' id='word_1_28' title='bbox 1492 287 1513 318; x_wconf 87' lang='lat'>§.</span> <span class='ocrx_word' id='word_1_29' title='bbox 1532 284 1772 323; x_wconf 75' lang='lat' dir='ltr'><em>Quemadmodum.</em></span> 
     </span>
    </p>
   </div>
   <div class='ocr_carea' id='block_1_6' title="bbox 348 320 1849 359">
    <p class='ocr_par' dir='ltr' id='par_1_6' title="bbox 348 320 1849 359">
     <span class='ocr_line' id='line_1_6' title="bbox 348 320 1849 359; baseline 0.002 -11"><span class='ocrx_word' id='word_1_30' title='bbox 348 321 420 349; x_wconf 88' lang='lat' dir='ltr'>tium</span> <span class='ocrx_word' id='word_1_31' title='bbox 438 322 542 356; x_wconf 86' lang='lat' dir='ltr'>jurium</span> <span class='ocrx_word' id='word_1_32' title='bbox 563 320 762 350; x_wconf 67' lang='lat' dir='ltr'>parochialium</span> <span class='ocrx_word' id='word_1_33' title='bbox 772 342 779 348; x_wconf 91' lang='lat'>.</span> <span class='ocrx_word' id='word_1_34' title='bbox 796 332 860 359; x_wconf 80' lang='lat' dir='ltr'>pag.</span> <span class='ocrx_word' id='word_1_35' title='bbox 874 326 917 355; x_wconf 91' lang='lat'>76.</span> <span class='ocrx_word' id='word_1_36' title='bbox 941 322 965 354; x_wconf 84' lang='lat'>§.</span> <span class='ocrx_word' id='word_1_37' title='bbox 977 322 1064 350; x_wconf 74' lang='lat' dir='ltr'>Paro·</span> <span class='ocrx_word' id='word_1_38' title='bbox 1098 321 1187 348; x_wconf 78' lang='lat' dir='ltr'>Funus</span> <span class='ocrx_word' id='word_1_39' title='bbox 1200 320 1233 348; x_wconf 88' lang='lat' dir='ltr'>de</span> <span class='ocrx_word' id='word_1_40' title='bbox 1248 331 1286 348; x_wconf 88' lang='lat' dir='ltr'>eri</span> <span class='ocrx_word' id='word_1_41' title='bbox 1301 330 1396 355; x_wconf 88' lang='lat' dir='ltr'>nequit</span> <span class='ocrx_word' id='word_1_42' title='bbox 1406 331 1435 348; x_wconf 87' lang='lat' dir='ltr'>in</span> <span class='ocrx_word' id='word_1_43' title='bbox 1444 323 1492 348; x_wconf 86' lang='lat' dir='ltr'>via</span> <span class='ocrx_word' id='word_1_44' title='bbox 1501 342 1509 353; x_wconf 91' lang='lat'>,</span> <span class='ocrx_word' id='word_1_45' title='bbox 1522 320 1567 349; x_wconf 79' lang='lat' dir='ltr'>sed</span> <span class='ocrx_word' id='word_1_46' title='bbox 1579 321 1701 349; x_wconf 81' lang='lat' dir='ltr'>allociari</span> <span class='ocrx_word' id='word_1_47' title='bbox 1714 320 1796 349; x_wconf 90' lang='lat' dir='ltr'>debet</span> <span class='ocrx_word' id='word_1_48' title='bbox 1803 321 1849 351; x_wconf 81' lang='lat' dir='ltr'>us-</span> 
     </span>
    </p>
   </div>
   <div class='ocr_carea' id='block_1_7' title="bbox 299 355 1067 2231">
    <p class='ocr_par' dir='ltr' id='par_1_7' title="bbox 351 355 434 383">
     <span class='ocr_line' id='line_1_7' title="bbox 351 355 434 383; baseline 0 0"><span class='ocrx_word' id='word_1_49' title='bbox 351 355 415 383; x_wconf 78' lang='lat' dir='ltr'>clius</span> <span class='ocrx_word' id='word_1_50' title='bbox 429 377 434 383; x_wconf 97' lang='lat'>.</span> 
     </span>
    </p>

    <p class='ocr_par' dir='ltr' id='par_1_8' title="bbox 312 389 1067 535">
     <span class='ocr_line' id='line_1_8' title="bbox 312 389 1067 426; baseline 0.003 -8"><span class='ocrx_word' id='word_1_51' title='bbox 312 389 459 426; x_wconf 81' lang='lat' dir='ltr'>Episcopus</span> <span class='ocrx_word' id='word_1_52' title='bbox 473 401 585 423; x_wconf 83' lang='lat' dir='ltr'>monere</span> <span class='ocrx_word' id='word_1_53' title='bbox 596 391 689 420; x_wconf 73' lang='lat' dir='ltr'>v&lt;lebet</span> <span class='ocrx_word' id='word_1_54' title='bbox 701 391 839 426; x_wconf 84' lang='lat' dir='ltr'>Populum</span> <span class='ocrx_word' id='word_1_55' title='bbox 848 389 1003 426; x_wconf 77' lang='lat' dir='ltr'>frequenter</span> <span class='ocrx_word' id='word_1_56' title='bbox 1026 391 1067 420; x_wconf 57' lang='lat' dir='ltr'>adn</span> 
     </span>
     <span class='ocr_line' id='line_1_9' title="bbox 348 426 1062 461; baseline 0 -6"><span class='ocrx_word' id='word_1_57' title='bbox 348 426 408 455; x_wconf 73' lang='lat' dir='ltr'>mas</span> <span class='ocrx_word' id='word_1_58' title='bbox 422 426 567 456; x_wconf 75' lang='lat' dir='ltr'>Parocliias</span> <span class='ocrx_word' id='word_1_59' title='bbox 579 426 675 456; x_wconf 88' lang='lat' dir='ltr'>saltem</span> <span class='ocrx_word' id='word_1_60' title='bbox 685 426 778 455; x_wconf 88' lang='lat' dir='ltr'>diebus</span> <span class='ocrx_word' id='word_1_61' title='bbox 791 428 960 461; x_wconf 84' lang='lat' dir='ltr'>Dominicis,</span> <span class='ocrx_word' id='word_1_62' title='bbox 969 432 994 456; x_wconf 74' lang='grc' dir='ltr'>ὅ(</span> <span class='ocrx_word' id='word_1_63' title='bbox 1002 437 1062 455; x_wconf 90' lang='lat' dir='ltr'>ma-</span> 
     </span>
     <span class='ocr_line' id='line_1_10' title="bbox 346 460 1062 500; baseline 0.001 -10"><span class='ocrx_word' id='word_1_64' title='bbox 346 461 453 497; x_wconf 82' lang='lat' dir='ltr'>joribus</span> <span class='ocrx_word' id='word_1_65' title='bbox 464 460 538 491; x_wconf 83' lang='lat' dir='ltr'>festis</span> <span class='ocrx_word' id='word_1_66' title='bbox 550 462 677 491; x_wconf 77' lang='lat' dir='ltr'>accedere</span> <span class='ocrx_word' id='word_1_67' title='bbox 690 484 695 489; x_wconf 86' lang='lat'>.</span> <span class='ocrx_word' id='word_1_68' title='bbox 712 472 777 500; x_wconf 81' lang='lat' dir='ltr'>pag.</span> <span class='ocrx_word' id='word_1_69' title='bbox 792 473 835 496; x_wconf 76' lang='lat'>45.</span> <span class='ocrx_word' id='word_1_70' title='bbox 849 464 872 495; x_wconf 84' lang='lat'>§.</span> <span class='ocrx_word' id='word_1_71' title='bbox 884 462 1062 499; x_wconf 63' lang='lat' dir='ltr'>Squillacen„</span> 
     </span>
     <span class='ocr_line' id='line_1_11' title="bbox 348 496 772 535; baseline -0.002 -10"><span class='ocrx_word' id='word_1_72' title='bbox 348 496 375 526; x_wconf 66' lang='grc' dir='ltr'>θ’</span> <span class='ocrx_word' id='word_1_73' title='bbox 403 509 447 535; x_wconf 81' lang='lat' dir='ltr'>ag.</span> <span class='ocrx_word' id='word_1_74' title='bbox 458 497 610 530; x_wconf 27' lang='lat' dir='ltr'>46.-§.⁷Nec</span> <span class='ocrx_word' id='word_1_75' title='bbox 622 496 754 533; x_wconf 66' lang='lat' dir='ltr'>dissimilis</span> <span class='ocrx_word' id='word_1_76' title='bbox 766 519 772 524; x_wconf 92' lang='lat'>.</span> 
     </span>
    </p>

    <p class='ocr_par' dir='ltr' id='par_1_9' title="bbox 311 509 1065 641">
     <span class='ocr_line' id='line_1_12' title="bbox 311 509 1065 572; baseline -0.001 -11"><span class='ocrx_word' id='word_1_77' title='bbox 311 509 409 568; x_wconf 59' lang='lat' dir='ltr'>Episcpo</span> <span class='ocrx_word' id='word_1_78' title='bbox 429 543 458 561; x_wconf 81' lang='lat' dir='ltr'>us</span> <span class='ocrx_word' id='word_1_79' title='bbox 480 543 580 569; x_wconf 85' lang='lat' dir='ltr'>cogere</span> <span class='ocrx_word' id='word_1_80' title='bbox 599 534 695 567; x_wconf 85' lang='lat' dir='ltr'>nequit</span> <span class='ocrx_word' id='word_1_81' title='bbox 716 531 779 572; x_wconf 79' lang='lat' dir='ltr'>suos</span> <span class='ocrx_word' id='word_1_82' title='bbox 791 531 918 561; x_wconf 84' lang='lat' dir='ltr'>Subditos</span> <span class='ocrx_word' id='word_1_83' title='bbox 941 531 1065 561; x_wconf 78' lang='lat' dir='ltr'>interesse</span> 
     </span>
     <span class='ocr_line' id='line_1_13' title="bbox 348 567 1065 603; baseline 0 -7"><span class='ocrx_word' id='word_1_84' title='bbox 348 570 392 596; x_wconf 89' lang='lat' dir='ltr'>Mi</span> <span class='ocrx_word' id='word_1_85' title='bbox 415 579 436 596; x_wconf 82' lang='lat' dir='ltr'><em>ae</em></span> <span class='ocrx_word' id='word_1_86' title='bbox 448 567 602 596; x_wconf 83' lang='lat' dir='ltr'>Parocliiali</span> <span class='ocrx_word' id='word_1_87' title='bbox 614 578 664 603; x_wconf 89' lang='lat' dir='ltr'>pro</span> <span class='ocrx_word' id='word_1_88' title='bbox 677 567 856 603; x_wconf 88' lang='lat' dir='ltr'>adimplendo</span> <span class='ocrx_word' id='word_1_89' title='bbox 869 577 1002 603; x_wconf 84' lang='lat' dir='ltr'>praecepto</span> <span class='ocrx_word' id='word_1_90' title='bbox 1015 578 1065 596; x_wconf 87' lang='lat' dir='ltr'>au·</span> 
     </span>
     <span class='ocr_line' id='line_1_14' title="bbox 349 602 888 641; baseline -0.002 -10"><span class='ocrx_word' id='word_1_91' title='bbox 349 603 446 631; x_wconf 80' lang='lat' dir='ltr'>diendi</span> <span class='ocrx_word' id='word_1_92' title='bbox 456 602 570 632; x_wconf 80' lang='lat' dir='ltr'>Miffarn</span> <span class='ocrx_word' id='word_1_93' title='bbox 583 625 591 632; x_wconf 96' lang='lat'>.</span> <span class='ocrx_word' id='word_1_94' title='bbox 606 614 671 641; x_wconf 79' lang='lat' dir='ltr'>pag.</span> <span class='ocrx_word' id='word_1_95' title='bbox 685 609 732 636; x_wconf 74' lang='lat'>46.</span> <span class='ocrx_word' id='word_1_96' title='bbox 744 605 767 636; x_wconf 87' lang='lat'>§.</span> <span class='ocrx_word' id='word_1_97' title='bbox 783 602 868 640; x_wconf 79' lang='lat' dir='ltr'>Causa</span> <span class='ocrx_word' id='word_1_98' title='bbox 882 625 888 630; x_wconf 88' lang='lat'>.</span> 
     </span>
    </p>

    <p class='ocr_par' dir='ltr' id='par_1_10' title="bbox 312 637 1064 703">
     <span class='ocr_line' id='line_1_15' title="bbox 312 637 1064 678; baseline 0 -11"><span class='ocrx_word' id='word_1_99' title='bbox 312 637 462 678; x_wconf 76' lang='lat' dir='ltr'>Episcoqus</span> <span class='ocrx_word' id='word_1_100' title='bbox 483 638 576 675; x_wconf 85' lang='lat' dir='ltr'>quoad</span> <span class='ocrx_word' id='word_1_101' title='bbox 584 639 806 674; x_wconf 79' lang='lat' dir='ltr'>procurationem</span> <span class='ocrx_word' id='word_1_102' title='bbox 821 659 829 666; x_wconf 83' lang='lat'><strong>.</strong></span> <span class='ocrx_word' id='word_1_103' title='bbox 851 637 919 668; x_wconf 83' lang='lat' dir='ltr'>Vide</span> <span class='ocrx_word' id='word_1_104' title='bbox 930 637 1064 667; x_wconf 79' lang='lat' dir='ltr'>Procura-</span> 
     </span>
     <span class='ocr_line' id='line_1_16' title="bbox 353 683 413 703; baseline 0.033 -2"><span class='ocrx_word' id='word_1_105' title='bbox 353 683 391 703; x_wconf 83' lang='grc' dir='ltr'>ιιο</span> <span class='ocrx_word' id='word_1_106' title='bbox 405 695 413 703; x_wconf 91' lang='grc'><strong>.</strong></span> 
     </span>
    </p>

    <p class='ocr_par' dir='ltr' id='par_1_11' title="bbox 313 707 1063 782">
     <span class='ocr_line' id='line_1_17' title="bbox 313 707 1063 746; baseline -0.001 -8"><span class='ocrx_word' id='word_1_107' title='bbox 313 709 459 745; x_wconf 74' lang='lat' dir='ltr'>Episcopus</span> <span class='ocrx_word' id='word_1_108' title='bbox 471 711 513 746; x_wconf 81' lang='lat' dir='ltr'>ius</span> <span class='ocrx_word' id='word_1_109' title='bbox 526 708 610 739; x_wconf 88' lang='lat' dir='ltr'>habet</span> <span class='ocrx_word' id='word_1_110' title='bbox 622 709 767 739; x_wconf 85' lang='lat' dir='ltr'>ordinandi</span> <span class='ocrx_word' id='word_1_111' title='bbox 780 707 959 738; x_wconf 77' lang='lat' dir='ltr'>Proeessiones</span> <span class='ocrx_word' id='word_1_112' title='bbox 970 711 1063 746; x_wconf 84' lang='lat' dir='ltr'>Roga-</span> 
     </span>
     <span class='ocr_line' id='line_1_18' title="bbox 349 745 817 782; baseline 0.002 -10"><span class='ocrx_word' id='word_1_113' title='bbox 349 745 465 774; x_wconf 85' lang='lat' dir='ltr'>tionum·</span> <span class='ocrx_word' id='word_1_114' title='bbox 473 767 481 775; x_wconf 81' lang='grc'><strong>.</strong></span> <span class='ocrx_word' id='word_1_115' title='bbox 495 756 561 782; x_wconf 72' lang='lat' dir='ltr'>pag.</span> <span class='ocrx_word' id='word_1_116' title='bbox 573 747 654 779; x_wconf 69' lang='lat'><strong>75-—§·</strong></span> <span class='ocrx_word' id='word_1_117' title='bbox 668 745 701 773; x_wconf 73' lang='lat' dir='ltr'>Si</span> <span class='ocrx_word' id='word_1_118' title='bbox 713 755 800 774; x_wconf 79' lang='lat' dir='ltr'>autem</span> <span class='ocrx_word' id='word_1_119' title='bbox 810 767 817 773; x_wconf 87' lang='lat'>.</span> 
     </span>
    </p>

    <p class='ocr_par' dir='ltr' id='par_1_12' title="bbox 311 779 1009 819">
     <span class='ocr_line' id='line_1_19' title="bbox 311 779 1009 819; baseline 0 -10"><span class='ocrx_word' id='word_1_120' title='bbox 311 779 460 816; x_wconf 77' lang='lat' dir='ltr'>Episcopus</span> <span class='ocrx_word' id='word_1_121' title='bbox 471 781 722 817; x_wconf 81' lang='lat' dir='ltr'>quoad-Regulates</span> <span class='ocrx_word' id='word_1_122' title='bbox 736 802 742 808; x_wconf 92' lang='lat'><em>.</em></span> <span class='ocrx_word' id='word_1_123' title='bbox 762 779 836 819; x_wconf 79' lang='lat' dir='ltr'>Vide</span> <span class='ocrx_word' id='word_1_124' title='bbox 844 779 992 818; x_wconf 78' lang='lat' dir='ltr'>Regulares</span> <span class='ocrx_word' id='word_1_125' title='bbox 1000 801 1009 809; x_wconf 89' lang='lat'>.</span> 
     </span>
    </p>

    <p class='ocr_par' dir='ltr' id='par_1_13' title="bbox 312 814 1060 880">
     <span class='ocr_line' id='line_1_20' title="bbox 312 814 1060 851; baseline 0 -7"><span class='ocrx_word' id='word_1_126' title='bbox 312 814 460 851; x_wconf 81' lang='lat' dir='ltr'>Episcopus</span> <span class='ocrx_word' id='word_1_127' title='bbox 470 815 578 844; x_wconf 88' lang='lat' dir='ltr'>visitare</span> <span class='ocrx_word' id='word_1_128' title='bbox 589 826 623 843; x_wconf 90' lang='lat' dir='ltr'>an</span> <span class='ocrx_word' id='word_1_129' title='bbox 636 814 714 850; x_wconf 83' lang='lat' dir='ltr'>poffit</span> <span class='ocrx_word' id='word_1_130' title='bbox 725 817 887 844; x_wconf 86' lang='lat' dir='ltr'>Oratorium</span> <span class='ocrx_word' id='word_1_131' title='bbox 898 817 1038 849; x_wconf 84' lang='lat' dir='ltr'>privatum</span> <span class='ocrx_word' id='word_1_132' title='bbox 1051 821 1060 844; x_wconf 69' lang='grc' dir='ltr'><em>Ξ</em></span> 
     </span>
     <span class='ocr_line' id='line_1_21' title="bbox 349 851 604 880; baseline -0.008 -1"><span class='ocrx_word' id='word_1_133' title='bbox 349 851 418 879; x_wconf 85' lang='lat' dir='ltr'>Vide</span> <span class='ocrx_word' id='word_1_134' title='bbox 431 851 586 880; x_wconf 65' lang='lat' dir='ltr'>oratorium</span> <span class='ocrx_word' id='word_1_135' title='bbox 597 872 604 877; x_wconf 88' lang='lat'>.</span> 
     </span>
    </p>

    <p class='ocr_par' dir='ltr' id='par_1_14' title="bbox 311 884 1063 1101">
     <span class='ocr_line' id='line_1_22' title="bbox 311 884 1060 923; baseline -0.001 -9"><span class='ocrx_word' id='word_1_136' title='bbox 311 885 458 921; x_wconf 77' lang='lat' dir='ltr'>Episcopus</span> <span class='ocrx_word' id='word_1_137' title='bbox 470 887 499 913; x_wconf 87' lang='lat' dir='ltr'>in</span> <span class='ocrx_word' id='word_1_138' title='bbox 508 885 665 923; x_wconf 75' lang='lat' dir='ltr'>visitatione</span> <span class='ocrx_word' id='word_1_139' title='bbox 677 884 760 913; x_wconf 85' lang='lat' dir='ltr'>deber</span> <span class='ocrx_word' id='word_1_140' title='bbox 770 884 905 919; x_wconf 79' lang='lat' dir='ltr'>requirere</span> <span class='ocrx_word' id='word_1_141' title='bbox 929 894 946 912; x_wconf 90' lang='lat' dir='ltr'>a</span> <span class='ocrx_word' id='word_1_142' title='bbox 958 884 1060 913; x_wconf 78' lang='lat' dir='ltr'>Benefi-</span> 
     </span>
     <span class='ocr_line' id='line_1_23' title="bbox 343 918 1060 954; baseline -0.001 -5"><span class='ocrx_word' id='word_1_143' title='bbox 343 922 422 950; x_wconf 80' lang='lat' dir='ltr'>ciatis</span> <span class='ocrx_word' id='word_1_144' title='bbox 434 920 546 948; x_wconf 88' lang='lat' dir='ltr'>titulum</span> <span class='ocrx_word' id='word_1_145' title='bbox 556 920 683 948; x_wconf 66' lang='lat' dir='ltr'>Beneficii</span> <span class='ocrx_word' id='word_1_146' title='bbox 694 943 706 954; x_wconf 72' lang='lat'>,</span> <span class='ocrx_word' id='word_1_147' title='bbox 720 918 990 953; x_wconf 82' lang='lat' dir='ltr'>&amp;dispensationem</span> <span class='ocrx_word' id='word_1_148' title='bbox 999 944 1006 954; x_wconf 87' lang='lat'>,</span> <span class='ocrx_word' id='word_1_149' title='bbox 1015 931 1060 948; x_wconf 90' lang='lat' dir='ltr'>cu-</span> 
     </span>
     <span class='ocr_line' id='line_1_24' title="bbox 344 954 1057 1020; baseline -0.001 -35"><span class='ocrx_word' id='word_1_150' title='bbox 344 957 500 1020; x_wconf 44' lang='lat' dir='ltr'>juslvliguo‘re</span> <span class='ocrx_word' id='word_1_151' title='bbox 521 956 639 984; x_wconf 80' lang='lat' dir='ltr'>retinent</span> <span class='ocrx_word' id='word_1_152' title='bbox 650 954 870 990; x_wconf 83' lang='lat' dir='ltr'>incompatibilia</span> <span class='ocrx_word' id='word_1_153' title='bbox 881 976 888 983; x_wconf 84' lang='lat'>.</span> <span class='ocrx_word' id='word_1_154' title='bbox 903 956 1001 993; x_wconf 72' lang='lat' dir='ltr'>pag-in.</span> <span class='ocrx_word' id='word_1_155' title='bbox 1015 966 1057 984; x_wconf 77' lang='grc' dir='ltr'>ιι-</span> 
     </span>
     <span class='ocr_line' id='line_1_25' title="bbox 346 993 1063 1059; baseline -0.001 -4"><span class='ocrx_word' id='word_1_156' title='bbox 346 993 365 1025; x_wconf 55' lang='grc' dir='ltr'>ς</span> <span class='ocrx_word' id='word_1_157' title='bbox 383 1028 418 1055; x_wconf 84' lang='lat' dir='ltr'>Et</span> <span class='ocrx_word' id='word_1_158' title='bbox 427 1025 555 1055; x_wconf 83' lang='lat' dir='ltr'>dubitans</span> <span class='ocrx_word' id='word_1_159' title='bbox 572 1026 606 1054; x_wconf 90' lang='lat' dir='ltr'>de</span> <span class='ocrx_word' id='word_1_160' title='bbox 629 1025 745 1055; x_wconf 84' lang='lat' dir='ltr'>efficacia</span> <span class='ocrx_word' id='word_1_161' title='bbox 767 1023 975 1059; x_wconf 85' lang='lat' dir='ltr'>dispensationis</span> <span class='ocrx_word' id='word_1_162' title='bbox 997 1036 1063 1054; x_wconf 65' lang='lat' dir='ltr'>con«-</span> 
     </span>
     <span class='ocr_line' id='line_1_26' title="bbox 346 1060 1059 1101; baseline -0.004 -10"><span class='ocrx_word' id='word_1_163' title='bbox 346 1062 434 1093; x_wconf 85' lang='lat' dir='ltr'>sulete</span> <span class='ocrx_word' id='word_1_164' title='bbox 445 1061 528 1101; x_wconf 83' lang='lat' dir='ltr'>debet</span> <span class='ocrx_word' id='word_1_165' title='bbox 537 1062 664 1089; x_wconf 64' lang='lat' dir='ltr'>San&lt;stam</span> <span class='ocrx_word' id='word_1_166' title='bbox 687 1060 785 1089; x_wconf 73' lang='lat' dir='ltr'>§edem</span> <span class='ocrx_word' id='word_1_167' title='bbox 797 1082 805 1088; x_wconf 89' lang='lat'>.</span> <span class='ocrx_word' id='word_1_168' title='bbox 818 1071 890 1097; x_wconf 36' lang='lat' dir='ltr'>pago</span> <span class='ocrx_word' id='word_1_169' title='bbox 898 1070 923 1094; x_wconf 82' lang='lat'>13</span> <span class='ocrx_word' id='word_1_170' title='bbox 931 1082 937 1088; x_wconf 92' lang='lat'><strong>.</strong></span> <span class='ocrx_word' id='word_1_171' title='bbox 963 1062 986 1092; x_wconf 88' lang='lat'>§.</span> <span class='ocrx_word' id='word_1_172' title='bbox 998 1060 1059 1089; x_wconf 85' lang='lat' dir='ltr'>His</span> 
     </span>
    </p>

    <p class='ocr_par' dir='ltr' id='par_1_15' title="bbox 364 1105 547 1127">
     <span class='ocr_line' id='line_1_27' title="bbox 364 1105 547 1127; baseline 0.005 -4"><span class='ocrx_word' id='word_1_173' title='bbox 364 1108 392 1127; x_wconf 66' lang='lat' dir='ltr'>ra</span> <span class='ocrx_word' id='word_1_174' title='bbox 406 1106 423 1123; x_wconf 84' lang='lat' dir='ltr'>u</span> <span class='ocrx_word' id='word_1_175' title='bbox 482 1105 528 1123; x_wconf 74' lang='lat' dir='ltr'>uss</span> <span class='ocrx_word' id='word_1_176' title='bbox 539 1117 547 1124; x_wconf 87' lang='lat'><strong>.</strong></span> 
     </span>
    </p>

    <p class='ocr_par' dir='ltr' id='par_1_16' title="bbox 308 1095 1061 1312">
     <span class='ocr_line' id='line_1_28' title="bbox 308 1095 1061 1170; baseline -0.005 -7"><span class='ocrx_word' id='word_1_177' title='bbox 308 1095 620 1169; x_wconf 46' lang='lat' dir='ltr'>Epzisct&#39;ssi&#39;ll&#39;oislitationes</span> <span class='ocrx_word' id='word_1_178' title='bbox 627 1154 635 1165; x_wconf 88' lang='lat'>‚</span> <span class='ocrx_word' id='word_1_179' title='bbox 647 1139 799 1170; x_wconf 63' lang='lat' dir='ltr'>&gt;tamquam</span> <span class='ocrx_word' id='word_1_180' title='bbox 812 1128 962 1170; x_wconf 74' lang='lat' dir='ltr'>referibiles</span> <span class='ocrx_word' id='word_1_181' title='bbox 973 1129 1009 1158; x_wconf 75' lang='lat' dir='ltr'>ad</span> <span class='ocrx_word' id='word_1_182' title='bbox 1020 1132 1061 1165; x_wconf 84' lang='lat' dir='ltr'>ju·</span> 
     </span>
     <span class='ocr_line' id='line_1_29' title="bbox 350 1164 1061 1202; baseline -0.004 -5"><span class='ocrx_word' id='word_1_183' title='bbox 350 1167 546 1198; x_wconf 67' lang='lat' dir='ltr'>risdiestionem</span> <span class='ocrx_word' id='word_1_184' title='bbox 555 1166 710 1202; x_wconf 83' lang='lat' dir='ltr'>delegatam</span> <span class='ocrx_word' id='word_1_185' title='bbox 729 1164 863 1200; x_wconf 84' lang='lat' dir='ltr'>Episcopo</span> <span class='ocrx_word' id='word_1_186' title='bbox 874 1175 1001 1193; x_wconf 82' lang='lat' dir='ltr'>viciniori</span> <span class='ocrx_word' id='word_1_187' title='bbox 1013 1167 1061 1194; x_wconf 88' lang='lat' dir='ltr'>tri-</span> 
     </span>
     <span class='ocr_line' id='line_1_30' title="bbox 349 1199 1056 1235; baseline -0.004 -2"><span class='ocrx_word' id='word_1_188' title='bbox 349 1204 447 1233; x_wconf 86' lang='lat' dir='ltr'>butam</span> <span class='ocrx_word' id='word_1_189' title='bbox 459 1214 476 1232; x_wconf 84' lang='lat' dir='ltr'>a</span> <span class='ocrx_word' id='word_1_190' title='bbox 484 1202 610 1231; x_wconf 86' lang='lat' dir='ltr'>Concilio</span> <span class='ocrx_word' id='word_1_191' title='bbox 622 1201 790 1229; x_wconf 84' lang='lat' dir='ltr'>Tridentino</span> <span class='ocrx_word' id='word_1_192' title='bbox 800 1201 829 1228; x_wconf 90' lang='lat' dir='ltr'>in</span> <span class='ocrx_word' id='word_1_193' title='bbox 841 1210 928 1235; x_wconf 75' lang='lat' dir='ltr'>cap-9.</span> <span class='ocrx_word' id='word_1_194' title='bbox 941 1199 1003 1229; x_wconf 84' lang='lat' dir='ltr'>sess.</span> <span class='ocrx_word' id='word_1_195' title='bbox 1012 1212 1056 1235; x_wconf 76' lang='lat'>2⁴·</span> 
     </span>
     <span class='ocr_line' id='line_1_31' title="bbox 351 1236 1060 1272; baseline -0.004 -4"><span class='ocrx_word' id='word_1_196' title='bbox 351 1239 388 1269; x_wconf 89' lang='lat' dir='ltr'>de</span> <span class='ocrx_word' id='word_1_197' title='bbox 395 1237 545 1272; x_wconf 65' lang='lat' dir='ltr'>resti-„non</span> <span class='ocrx_word' id='word_1_198' title='bbox 557 1237 703 1266; x_wconf 82' lang='lat' dir='ltr'>excludunt</span> <span class='ocrx_word' id='word_1_199' title='bbox 713 1236 918 1272; x_wconf 81' lang='lat' dir='ltr'>prerogativam</span> <span class='ocrx_word' id='word_1_200' title='bbox 929 1237 1060 1265; x_wconf 88' lang='lat' dir='ltr'>territorii</span> 
     </span>
     <span class='ocr_line' id='line_1_32' title="bbox 345 1273 846 1312; baseline -0.008 -9"><span class='ocrx_word' id='word_1_201' title='bbox 345 1274 462 1310; x_wconf 69' lang='lat' dir='ltr'>separati</span> <span class='ocrx_word' id='word_1_202' title='bbox 476 1296 484 1302; x_wconf 91' lang='lat'>.</span> <span class='ocrx_word' id='word_1_203' title='bbox 497 1284 562 1312; x_wconf 80' lang='lat' dir='ltr'>pag.</span> <span class='ocrx_word' id='word_1_204' title='bbox 577 1284 602 1300; x_wconf 91' lang='lat'>2.</span> <span class='ocrx_word' id='word_1_205' title='bbox 616 1273 752 1311; x_wconf 50' lang='lat' dir='ltr'>§.cotnra</span> <span class='ocrx_word' id='word_1_206' title='bbox 763 1282 827 1300; x_wconf 74' lang='lat' dir='ltr'>vero</span> <span class='ocrx_word' id='word_1_207' title='bbox 839 1293 846 1299; x_wconf 96' lang='lat'>.</span> 
     </span>
    </p>

    <p class='ocr_par' dir='ltr' id='par_1_17' title="bbox 306 1306 1058 1375">
     <span class='ocr_line' id='line_1_33' title="bbox 306 1306 1058 1375; baseline -0.003 -36"><span class='ocrx_word' id='word_1_208' title='bbox 306 1310 423 1375; x_wconf 55' lang='lat' dir='ltr'>Ermblii</span> <span class='ocrx_word' id='word_1_209' title='bbox 433 1309 508 1338; x_wconf 57' lang='lat' dir='ltr'>armis</span> <span class='ocrx_word' id='word_1_210' title='bbox 516 1318 574 1338; x_wconf 82' lang='lat' dir='ltr'>nun</span> <span class='ocrx_word' id='word_1_211' title='bbox 585 1306 763 1342; x_wconf 81' lang='lat' dir='ltr'>ptaeiudicant</span> <span class='ocrx_word' id='word_1_212' title='bbox 773 1328 781 1335; x_wconf 92' lang='lat'><strong>.</strong></span> <span class='ocrx_word' id='word_1_213' title='bbox 796 1317 862 1344; x_wconf 79' lang='lat' dir='ltr'>pag.</span> <span class='ocrx_word' id='word_1_214' title='bbox 878 1317 907 1336; x_wconf 88' lang='lat'>11</span> <span class='ocrx_word' id='word_1_215' title='bbox 915 1317 936 1341; x_wconf 79' lang='grc' dir='ltr'>ς.</span> <span class='ocrx_word' id='word_1_216' title='bbox 953 1307 976 1340; x_wconf 75' lang='grc'>5.</span> <span class='ocrx_word' id='word_1_217' title='bbox 990 1308 1058 1337; x_wconf 84' lang='lat' dir='ltr'>con-</span> 
     </span>
     <span class='ocr_line' id='line_1_34' title="bbox 346 1353 448 1374; baseline -0.01 0"><span class='ocrx_word' id='word_1_218' title='bbox 346 1355 370 1374; x_wconf 80' lang='lat' dir='ltr'>te</span> <span class='ocrx_word' id='word_1_219' title='bbox 418 1353 429 1373; x_wconf 82' lang='grc' dir='ltr'><em>ι</em></span> <span class='ocrx_word' id='word_1_220' title='bbox 441 1366 448 1373; x_wconf 94' lang='grc'><strong>.</strong></span> 
     </span>
    </p>

    <p class='ocr_par' dir='ltr' id='par_1_18' title="bbox 306 1374 1058 1491">
     <span class='ocr_line' id='line_1_35' title="bbox 306 1374 1058 1416; baseline -0.005 -5"><span class='ocrx_word' id='word_1_221' title='bbox 306 1381 426 1412; x_wconf 67' lang='grc' dir='ltr'>Εκαᾶοτ</span> <span class='ocrx_word' id='word_1_222' title='bbox 437 1380 527 1414; x_wconf 84' lang='lat' dir='ltr'>operis</span> <span class='ocrx_word' id='word_1_223' title='bbox 538 1378 577 1416; x_wconf 78' lang='lat' dir='ltr'>pii</span> <span class='ocrx_word' id='word_1_224' title='bbox 588 1374 678 1413; x_wconf 87' lang='lat' dir='ltr'>potest</span> <span class='ocrx_word' id='word_1_225' title='bbox 690 1375 726 1404; x_wconf 86' lang='lat' dir='ltr'>ab</span> <span class='ocrx_word' id='word_1_226' title='bbox 737 1374 872 1416; x_wconf 74' lang='lat' dir='ltr'>Episcopo</span> <span class='ocrx_word' id='word_1_227' title='bbox 882 1379 1022 1406; x_wconf 81' lang='lat' dir='ltr'>removeri</span> <span class='ocrx_word' id='word_1_228' title='bbox 1029 1379 1058 1407; x_wconf 93' lang='lat' dir='ltr'>in</span> 
     </span>
     <span class='ocr_line' id='line_1_36' title="bbox 342 1411 1056 1451; baseline -0.006 -6"><span class='ocrx_word' id='word_1_229' title='bbox 342 1414 526 1445; x_wconf 61' lang='lat' dir='ltr'>casadetectae</span> <span class='ocrx_word' id='word_1_230' title='bbox 538 1412 642 1442; x_wconf 71' lang='lat' dir='ltr'>itandis</span> <span class='ocrx_word' id='word_1_231' title='bbox 653 1433 665 1445; x_wconf 84' lang='lat'><em>‚</em></span> <span class='ocrx_word' id='word_1_232' title='bbox 681 1411 729 1440; x_wconf 87' lang='lat' dir='ltr'>vel</span> <span class='ocrx_word' id='word_1_233' title='bbox 736 1411 910 1448; x_wconf 80' lang='lat' dir='ltr'>negligentia:</span> <span class='ocrx_word' id='word_1_234' title='bbox 923 1424 1002 1451; x_wconf 58' lang='lat' dir='ltr'>‚paga</span> <span class='ocrx_word' id='word_1_235' title='bbox 1012 1421 1056 1448; x_wconf 82' lang='lat'>⁶4-</span> 
     </span>
     <span class='ocr_line' id='line_1_37' title="bbox 344 1450 885 1491; baseline -0.006 -12"><span class='ocrx_word' id='word_1_236' title='bbox 344 1453 369 1484; x_wconf 86' lang='lat'>§.</span> <span class='ocrx_word' id='word_1_237' title='bbox 381 1450 548 1491; x_wconf 62' lang='lat' dir='ltr'>Stipendium</span> <span class='ocrx_word' id='word_1_238' title='bbox 556 1470 570 1477; x_wconf 86' lang='grc'>..</span> <span class='ocrx_word' id='word_1_239' title='bbox 880 1483 885 1487; x_wconf 43' lang='lat'>¹</span> 
     </span>
    </p>

    <p class='ocr_par' dir='ltr' id='par_1_19' title="bbox 308 1480 1056 1590">
     <span class='ocr_line' id='line_1_38' title="bbox 308 1480 1056 1518; baseline -0.005 -1"><span class='ocrx_word' id='word_1_240' title='bbox 308 1486 448 1517; x_wconf 61' lang='lat' dir='ltr'>Exaetons</span> <span class='ocrx_word' id='word_1_241' title='bbox 460 1494 565 1513; x_wconf 73' lang='lat' dir='ltr'>merces</span> <span class='ocrx_word' id='word_1_242' title='bbox 574 1480 716 1511; x_wconf 81' lang='lat' dir='ltr'>statuenda</span> <span class='ocrx_word' id='word_1_243' title='bbox 727 1480 768 1511; x_wconf 89' lang='lat' dir='ltr'>est</span> <span class='ocrx_word' id='word_1_244' title='bbox 789 1481 825 1511; x_wconf 72' lang='lat' dir='ltr'>ad</span> <span class='ocrx_word' id='word_1_245' title='bbox 835 1492 970 1512; x_wconf 83' lang='lat' dir='ltr'>rationem</span> <span class='ocrx_word' id='word_1_246' title='bbox 989 1494 1056 1518; x_wconf 89' lang='lat' dir='ltr'>qua-</span> 
     </span>
     <span class='ocr_line' id='line_1_39' title="bbox 343 1517 1054 1585; baseline -0.003 -35"><span class='ocrx_word' id='word_1_247' title='bbox 343 1531 424 1585; x_wconf 51' lang='lat' dir='ltr'>tutgt}</span> <span class='ocrx_word' id='word_1_248' title='bbox 431 1520 481 1550; x_wconf 81' lang='lat' dir='ltr'>vel</span> <span class='ocrx_word' id='word_1_249' title='bbox 474 1520 670 1584; x_wconf 54' lang='lat' dir='ltr'>iilumqueffio</span> <span class='ocrx_word' id='word_1_250' title='bbox 681 1517 804 1553; x_wconf 80' lang='lat' dir='ltr'>quolibet</span> <span class='ocrx_word' id='word_1_251' title='bbox 814 1519 1006 1556; x_wconf 65' lang='lat' dir='ltr'>centenariap.</span> <span class='ocrx_word' id='word_1_252' title='bbox 1012 1526 1054 1555; x_wconf 68' lang='lat'>64,</span> 
     </span>
     <span class='ocr_line' id='line_1_40' title="bbox 341 1558 561 1590; baseline -0.009 -4"><span class='ocrx_word' id='word_1_253' title='bbox 341 1558 366 1590; x_wconf 88' lang='lat'>§.</span> <span class='ocrx_word' id='word_1_254' title='bbox 455 1567 473 1585; x_wconf 86' lang='lat' dir='ltr'>n</span> <span class='ocrx_word' id='word_1_255' title='bbox 502 1566 546 1584; x_wconf 88' lang='lat' dir='ltr'>um</span> <span class='ocrx_word' id='word_1_256' title='bbox 554 1578 561 1584; x_wconf 92' lang='lat'>.</span> 
     </span>
    </p>

    <p class='ocr_par' dir='ltr' id='par_1_20' title="bbox 303 1567 794 1627">
     <span class='ocr_line' id='line_1_41' title="bbox 303 1567 794 1627; baseline -0.008 -5"><span class='ocrx_word' id='word_1_257' title='bbox 303 1567 514 1622; x_wconf 53' lang='lat' dir='ltr'>Examjnlziiores</span> <span class='ocrx_word' id='word_1_258' title='bbox 527 1613 534 1620; x_wconf 92' lang='lat'><strong><em>.</em></strong></span> <span class='ocrx_word' id='word_1_259' title='bbox 554 1589 624 1621; x_wconf 85' lang='lat' dir='ltr'>Vide</span> <span class='ocrx_word' id='word_1_260' title='bbox 633 1590 776 1627; x_wconf 76' lang='lat' dir='ltr'>Concursus</span> <span class='ocrx_word' id='word_1_261' title='bbox 787 1612 794 1619; x_wconf 95' lang='lat'>.</span> 
     </span>
    </p>

    <p class='ocr_par' dir='ltr' id='par_1_21' title="bbox 305 1626 841 1667">
     <span class='ocr_line' id='line_1_42' title="bbox 305 1626 841 1667; baseline -0.007 -10"><span class='ocrx_word' id='word_1_262' title='bbox 305 1630 429 1657; x_wconf 78' lang='lat' dir='ltr'>Examen</span> <span class='ocrx_word' id='word_1_263' title='bbox 435 1626 561 1657; x_wconf 88' lang='lat' dir='ltr'>Testium</span> <span class='ocrx_word' id='word_1_264' title='bbox 573 1648 580 1655; x_wconf 93' lang='lat'>.</span> <span class='ocrx_word' id='word_1_265' title='bbox 599 1626 670 1655; x_wconf 87' lang='lat' dir='ltr'>Vide</span> <span class='ocrx_word' id='word_1_266' title='bbox 683 1626 770 1663; x_wconf 69' lang='lat' dir='ltr'>Testes</span> <span class='ocrx_word' id='word_1_267' title='bbox 783 1647 790 1654; x_wconf 94' lang='lat'><strong><em>.</em></strong></span> <span class='ocrx_word' id='word_1_268' title='bbox 835 1661 841 1667; x_wconf 35' lang='grc' dir='ltr'>ι</span> 
     </span>
    </p>

    <p class='ocr_par' dir='ltr' id='par_1_22' title="bbox 304 1661 1051 1841">
     <span class='ocr_line' id='line_1_43' title="bbox 304 1661 1051 1697; baseline -0.001 -5"><span class='ocrx_word' id='word_1_269' title='bbox 304 1664 452 1697; x_wconf 78' lang='lat' dir='ltr'>Exemptio</span> <span class='ocrx_word' id='word_1_270' title='bbox 462 1673 520 1691; x_wconf 89' lang='lat' dir='ltr'>non</span> <span class='ocrx_word' id='word_1_271' title='bbox 539 1663 672 1696; x_wconf 86' lang='lat' dir='ltr'>competit</span> <span class='ocrx_word' id='word_1_272' title='bbox 683 1662 855 1696; x_wconf 85' lang='lat' dir='ltr'>Cappellanis</span> <span class='ocrx_word' id='word_1_273' title='bbox 869 1685 878 1696; x_wconf 83' lang='grc'><strong><em>,</em></strong></span> <span class='ocrx_word' id='word_1_274' title='bbox 896 1665 924 1690; x_wconf 74' lang='grc' dir='ltr'>δε</span> <span class='ocrx_word' id='word_1_275' title='bbox 938 1661 1051 1691; x_wconf 86' lang='lat' dir='ltr'>Clericis</span> 
     </span>
     <span class='ocr_line' id='line_1_44' title="bbox 339 1695 1050 1735; baseline -0.001 -8"><span class='ocrx_word' id='word_1_276' title='bbox 339 1697 517 1727; x_wconf 82' lang='lat' dir='ltr'>Ecclefiarum</span> <span class='ocrx_word' id='word_1_277' title='bbox 529 1696 700 1726; x_wconf 83' lang='lat' dir='ltr'>commendae</span> <span class='ocrx_word' id='word_1_278' title='bbox 714 1695 986 1735; x_wconf 63' lang='lat' dir='ltr'>Hierosob1mitanae,</span> <span class='ocrx_word' id='word_1_279' title='bbox 1000 1698 1050 1726; x_wconf 79' lang='lat' dir='ltr'>nili</span> 
     </span>
     <span class='ocr_line' id='line_1_45' title="bbox 338 1731 1050 1766; baseline 0 -4"><span class='ocrx_word' id='word_1_280' title='bbox 338 1732 563 1762; x_wconf 80' lang='lat' dir='ltr'>concurrentibus</span> <span class='ocrx_word' id='word_1_281' title='bbox 579 1731 711 1766; x_wconf 75' lang='lat' dir='ltr'>requisitis</span> <span class='ocrx_word' id='word_1_282' title='bbox 723 1732 835 1760; x_wconf 67' lang='lat' dir='ltr'>astualis</span> <span class='ocrx_word' id='word_1_283' title='bbox 847 1733 951 1761; x_wconf 83' lang='lat' dir='ltr'>lervitii</span> <span class='ocrx_word' id='word_1_284' title='bbox 962 1754 978 1765; x_wconf 52' lang='lat'>,2</span> <span class='ocrx_word' id='word_1_285' title='bbox 991 1733 1050 1762; x_wconf 83' lang='lat' dir='ltr'>resi-</span> 
     </span>
     <span class='ocr_line' id='line_1_46' title="bbox 336 1766 1048 1803; baseline -0.001 -5"><span class='ocrx_word' id='word_1_286' title='bbox 336 1768 437 1798; x_wconf 80' lang='lat' dir='ltr'>dentiae</span> <span class='ocrx_word' id='word_1_287' title='bbox 449 1770 520 1797; x_wconf 81' lang='lat' dir='ltr'>intra</span> <span class='ocrx_word' id='word_1_288' title='bbox 537 1766 651 1796; x_wconf 82' lang='lat' dir='ltr'>claustra</span> <span class='ocrx_word' id='word_1_289' title='bbox 662 1790 670 1801; x_wconf 93' lang='lat'>,</span> <span class='ocrx_word' id='word_1_290' title='bbox 689 1771 717 1795; x_wconf 89' lang='lat'>&amp;</span> <span class='ocrx_word' id='word_1_291' title='bbox 729 1767 894 1795; x_wconf 71' lang='lat' dir='ltr'>obedientiae</span> <span class='ocrx_word' id='word_1_292' title='bbox 908 1770 1048 1803; x_wconf 87' lang='lat' dir='ltr'>Superiori</span> 
     </span>
     <span class='ocr_line' id='line_1_47' title="bbox 343 1801 864 1841; baseline -0.004 -8"><span class='ocrx_word' id='word_1_293' title='bbox 343 1804 476 1841; x_wconf 69' lang='lat' dir='ltr'>Regulari</span> <span class='ocrx_word' id='word_1_294' title='bbox 487 1825 494 1832; x_wconf 93' lang='lat'>.</span> <span class='ocrx_word' id='word_1_295' title='bbox 511 1803 638 1840; x_wconf 73' lang='lat' dir='ltr'>pug.z.§.</span> <span class='ocrx_word' id='word_1_296' title='bbox 653 1801 696 1830; x_wconf 77' lang='lat' dir='ltr'>Ob</span> <span class='ocrx_word' id='word_1_297' title='bbox 708 1801 864 1841; x_wconf 78' lang='lat' dir='ltr'>conceffam.</span> 
     </span>
    </p>

    <p class='ocr_par' dir='ltr' id='par_1_23' title="bbox 302 1836 1052 2018">
     <span class='ocr_line' id='line_1_48' title="bbox 302 1836 1052 1874; baseline -0.009 -6"><span class='ocrx_word' id='word_1_298' title='bbox 302 1840 447 1873; x_wconf 71' lang='lat' dir='ltr'>Exemptio</span> <span class='ocrx_word' id='word_1_299' title='bbox 459 1838 640 1874; x_wconf 82' lang='lat' dir='ltr'>Regulatium</span> <span class='ocrx_word' id='word_1_300' title='bbox 658 1847 714 1864; x_wconf 88' lang='lat' dir='ltr'>non</span> <span class='ocrx_word' id='word_1_301' title='bbox 727 1846 860 1871; x_wconf 89' lang='lat' dir='ltr'>competit</span> <span class='ocrx_word' id='word_1_302' title='bbox 879 1836 990 1866; x_wconf 82' lang='lat' dir='ltr'>illorum</span> <span class='ocrx_word' id='word_1_303' title='bbox 1002 1840 1052 1867; x_wconf 67' lang='lat' dir='ltr'>fa-</span> 
     </span>
     <span class='ocr_line' id='line_1_49' title="bbox 338 1870 1050 1909; baseline -0.001 -6"><span class='ocrx_word' id='word_1_304' title='bbox 338 1873 504 1907; x_wconf 78' lang='lat' dir='ltr'>miliaribus,</span> <span class='ocrx_word' id='word_1_305' title='bbox 515 1872 563 1901; x_wconf 89' lang='lat' dir='ltr'>nisi</span> <span class='ocrx_word' id='word_1_306' title='bbox 573 1871 622 1900; x_wconf 90' lang='lat' dir='ltr'>sint</span> <span class='ocrx_word' id='word_1_307' title='bbox 634 1871 743 1900; x_wconf 68' lang='lat' dir='ltr'>adducti</span> <span class='ocrx_word' id='word_1_308' title='bbox 756 1870 869 1900; x_wconf 86' lang='lat' dir='ltr'>servitio</span> <span class='ocrx_word' id='word_1_309' title='bbox 879 1872 1050 1909; x_wconf 88' lang='lat' dir='ltr'>Monasterii,</span> 
     </span>
     <span class='ocr_line' id='line_1_50' title="bbox 337 1905 1052 1941; baseline 0 -3"><span class='ocrx_word' id='word_1_310' title='bbox 337 1909 546 1938; x_wconf 85' lang='lat' dir='ltr'>maneantintta</span> <span class='ocrx_word' id='word_1_311' title='bbox 559 1905 699 1941; x_wconf 83' lang='lat' dir='ltr'>Claustra,</span> <span class='ocrx_word' id='word_1_312' title='bbox 718 1910 744 1935; x_wconf 90' lang='lat'>&amp;</span> <span class='ocrx_word' id='word_1_313' title='bbox 756 1908 852 1935; x_wconf 88' lang='lat' dir='ltr'>vivant</span> <span class='ocrx_word' id='word_1_314' title='bbox 859 1906 911 1936; x_wconf 87' lang='lat' dir='ltr'>sub</span> <span class='ocrx_word' id='word_1_315' title='bbox 921 1908 1052 1938; x_wconf 85' lang='lat' dir='ltr'>obedien-</span> 
     </span>
     <span class='ocr_line' id='line_1_51' title="bbox 337 1942 1052 1980; baseline 0.001 -8"><span class='ocrx_word' id='word_1_316' title='bbox 337 1945 378 1974; x_wconf 85' lang='lat' dir='ltr'>tia</span> <span class='ocrx_word' id='word_1_317' title='bbox 401 1944 553 1979; x_wconf 81' lang='lat' dir='ltr'>Superioris</span> <span class='ocrx_word' id='word_1_318' title='bbox 573 1942 718 1980; x_wconf 89' lang='lat' dir='ltr'>Regularis</span> <span class='ocrx_word' id='word_1_319' title='bbox 742 1964 749 1971; x_wconf 93' lang='lat'><strong>.</strong></span> <span class='ocrx_word' id='word_1_320' title='bbox 766 1943 860 1980; x_wconf 77' lang='lat' dir='ltr'>pagin.</span> <span class='ocrx_word' id='word_1_321' title='bbox 887 1949 946 1978; x_wconf 84' lang='lat'>167.</span> <span class='ocrx_word' id='word_1_322' title='bbox 973 1946 996 1977; x_wconf 55' lang='grc' dir='ltr'>ᾗ.</span> <span class='ocrx_word' id='word_1_323' title='bbox 1015 1945 1052 1974; x_wconf 77' lang='lat' dir='ltr'>Et</span> 
     </span>
     <span class='ocr_line' id='line_1_52' title="bbox 338 1989 710 2018; baseline 0 0"><span class='ocrx_word' id='word_1_324' title='bbox 338 1989 416 2018; x_wconf 71' lang='lat' dir='ltr'>quum</span> <span class='ocrx_word' id='word_1_325' title='bbox 428 2000 438 2008; x_wconf 45' lang='grc'>-’</span> <span class='ocrx_word' id='word_1_326' title='bbox 695 2013 710 2018; x_wconf 89' lang='grc'>..</span> 
     </span>
    </p>

    <p class='ocr_par' dir='ltr' id='par_1_24' title="bbox 301 2011 1053 2123">
     <span class='ocr_line' id='line_1_53' title="bbox 301 2011 1053 2050; baseline -0.001 -5"><span class='ocrx_word' id='word_1_327' title='bbox 301 2017 487 2050; x_wconf 74' lang='lat' dir='ltr'>Exequntores</span> <span class='ocrx_word' id='word_1_328' title='bbox 499 2013 711 2043; x_wconf 82' lang='lat' dir='ltr'>Testamentarii</span> <span class='ocrx_word' id='word_1_329' title='bbox 718 2023 751 2041; x_wconf 87' lang='lat' dir='ltr'>an</span> <span class='ocrx_word' id='word_1_330' title='bbox 759 2011 934 2047; x_wconf 73' lang='lat' dir='ltr'>praeferantur</span> <span class='ocrx_word' id='word_1_331' title='bbox 944 2015 1053 2049; x_wconf 78' lang='lat' dir='ltr'>Episco-</span> 
     </span>
     <span class='ocr_line' id='line_1_54' title="bbox 337 2048 1050 2087; baseline -0.001 -8"><span class='ocrx_word' id='word_1_332' title='bbox 337 2062 374 2086; x_wconf 86' lang='lat' dir='ltr'>po</span> <span class='ocrx_word' id='word_1_333' title='bbox 385 2052 414 2079; x_wconf 82' lang='lat' dir='ltr'>in</span> <span class='ocrx_word' id='word_1_334' title='bbox 426 2051 609 2085; x_wconf 80' lang='lat' dir='ltr'>exequutione</span> <span class='ocrx_word' id='word_1_335' title='bbox 621 2050 729 2085; x_wconf 77' lang='lat' dir='ltr'>piarum</span> <span class='ocrx_word' id='word_1_336' title='bbox 740 2048 916 2077; x_wconf 86' lang='lat' dir='ltr'>voluntatum</span> <span class='ocrx_word' id='word_1_337' title='bbox 928 2052 944 2078; x_wconf 75' lang='lat'><em>?</em></span> <span class='ocrx_word' id='word_1_338' title='bbox 959 2062 988 2087; x_wconf 87' lang='lat' dir='ltr'>p.</span> <span class='ocrx_word' id='word_1_339' title='bbox 1009 2057 1050 2085; x_wconf 78' lang='lat'>63.</span> 
     </span>
     <span class='ocr_line' id='line_1_55' title="bbox 337 2085 573 2123; baseline -0.013 -9"><span class='ocrx_word' id='word_1_340' title='bbox 337 2088 360 2120; x_wconf 88' lang='lat'>§.</span> <span class='ocrx_word' id='word_1_341' title='bbox 375 2085 414 2114; x_wconf 81' lang='grc' dir='ltr'>Αι</span> <span class='ocrx_word' id='word_1_342' title='bbox 425 2095 553 2123; x_wconf 81' lang='lat' dir='ltr'>quatenus</span> <span class='ocrx_word' id='word_1_343' title='bbox 567 2106 573 2111; x_wconf 91' lang='lat'>.</span> 
     </span>
    </p>

    <p class='ocr_par' dir='ltr' id='par_1_25' title="bbox 299 2118 825 2156">
     <span class='ocr_line' id='line_1_56' title="bbox 299 2118 825 2156; baseline -0.006 -6"><span class='ocrx_word' id='word_1_344' title='bbox 299 2120 428 2156; x_wconf 69' lang='lat' dir='ltr'>Expenfae</span> <span class='ocrx_word' id='word_1_345' title='bbox 438 2120 494 2148; x_wconf 82' lang='lat' dir='ltr'>litis</span> <span class='ocrx_word' id='word_1_346' title='bbox 504 2143 512 2148; x_wconf 85' lang='lat'><em>.</em></span> <span class='ocrx_word' id='word_1_347' title='bbox 532 2120 600 2149; x_wconf 83' lang='lat' dir='ltr'>Vide</span> <span class='ocrx_word' id='word_1_348' title='bbox 611 2119 682 2148; x_wconf 79' lang='lat' dir='ltr'>Liris</span> <span class='ocrx_word' id='word_1_349' title='bbox 692 2118 807 2156; x_wconf 74' lang='lat' dir='ltr'>cxpenfit</span> <span class='ocrx_word' id='word_1_350' title='bbox 816 2140 825 2148; x_wconf 90' lang='lat'><strong><em>.</em></strong></span> 
     </span>
    </p>

    <p class='ocr_par' dir='ltr' id='par_1_26' title="bbox 299 2153 1048 2231">
     <span class='ocr_line' id='line_1_57' title="bbox 299 2153 1048 2192; baseline 0.001 -7"><span class='ocrx_word' id='word_1_351' title='bbox 299 2157 494 2192; x_wconf 68' lang='lat' dir='ltr'>Expofitorum</span> <span class='ocrx_word' id='word_1_352' title='bbox 524 2165 587 2183; x_wconf 89' lang='lat' dir='ltr'>cura</span> <span class='ocrx_word' id='word_1_353' title='bbox 611 2155 696 2192; x_wconf 72' lang='lat' dir='ltr'>digna</span> <span class='ocrx_word' id='word_1_354' title='bbox 730 2153 770 2184; x_wconf 87' lang='lat' dir='ltr'>est</span> <span class='ocrx_word' id='word_1_355' title='bbox 789 2154 1048 2186; x_wconf 75' lang='lat' dir='ltr'>commendatione.</span> 
     </span>
     <span class='ocr_line' id='line_1_58' title="bbox 332 2189 636 2231; baseline -0.003 -12"><span class='ocrx_word' id='word_1_356' title='bbox 332 2203 398 2231; x_wconf 80' lang='lat' dir='ltr'>pag.</span> <span class='ocrx_word' id='word_1_357' title='bbox 409 2197 450 2226; x_wconf 81' lang='lat'>36.</span> <span class='ocrx_word' id='word_1_358' title='bbox 462 2192 486 2224; x_wconf 86' lang='lat'>§.</span> <span class='ocrx_word' id='word_1_359' title='bbox 499 2189 619 2219; x_wconf 78' lang='lat' dir='ltr'>Redeunt</span> <span class='ocrx_word' id='word_1_360' title='bbox 630 2213 636 2219; x_wconf 91' lang='lat'>.</span> 
     </span>
    </p>
   </div>
   <div class='ocr_carea' id='block_1_8' title="bbox 421 2257 698 2328">
    <p class='ocr_par' dir='ltr' id='par_1_27' title="bbox 421 2257 698 2328">
     <span class='ocr_line' id='line_1_59' title="bbox 421 2257 698 2328; baseline 0.004 -1"><span class='ocrx_word' id='word_1_361' title='bbox 421 2316 423 2319; x_wconf 10' lang='grc' dir='ltr'><em>Α</em></span> <span class='ocrx_word' id='word_1_362' title='bbox 651 2257 698 2328; x_wconf 85' lang='lat' dir='ltr'><strong>F</strong></span> 
     </span>
    </p>
   </div>
   <div class='ocr_carea' id='block_1_9' title="bbox 268 2365 1046 2796">
    <p class='ocr_par' dir='ltr' id='par_1_28' title="bbox 268 2365 1046 2796">
     <span class='ocr_line' id='line_1_60' title="bbox 350 2365 1045 2403; baseline 0 -6"><span class='ocrx_word' id='word_1_363' title='bbox 350 2369 455 2397; x_wconf 72' lang='lat' dir='ltr'>Abricae</span> <span class='ocrx_word' id='word_1_364' title='bbox 467 2367 570 2398; x_wconf 88' lang='lat' dir='ltr'>reditus</span> <span class='ocrx_word' id='word_1_365' title='bbox 581 2368 628 2397; x_wconf 75' lang='lat' dir='ltr'>viii</span> <span class='ocrx_word' id='word_1_366' title='bbox 639 2365 798 2396; x_wconf 86' lang='lat' dir='ltr'>sufficientes</span> <span class='ocrx_word' id='word_1_367' title='bbox 816 2376 866 2401; x_wconf 88' lang='lat' dir='ltr'>pro</span> <span class='ocrx_word' id='word_1_368' title='bbox 877 2368 1045 2403; x_wconf 75' lang='lat' dir='ltr'>quotidianis</span> 
     </span>
     <span class='ocr_line' id='line_1_61' title="bbox 363 2403 1046 2438; baseline 0 -6"><span class='ocrx_word' id='word_1_369' title='bbox 363 2405 580 2438; x_wconf 82' lang='lat' dir='ltr'>reparationibus</span> <span class='ocrx_word' id='word_1_370' title='bbox 593 2428 601 2438; x_wconf 92' lang='lat'><em>‚</em></span> <span class='ocrx_word' id='word_1_371' title='bbox 619 2413 655 2431; x_wconf 87' lang='lat' dir='ltr'>an</span> <span class='ocrx_word' id='word_1_372' title='bbox 676 2412 819 2432; x_wconf 86' lang='lat' dir='ltr'>teneantur</span> <span class='ocrx_word' id='word_1_373' title='bbox 841 2403 875 2432; x_wconf 88' lang='lat' dir='ltr'>ad</span> <span class='ocrx_word' id='word_1_374' title='bbox 899 2403 1046 2432; x_wconf 66' lang='lat' dir='ltr'>reaedifica-</span> 
     </span>
     <span class='ocr_line' id='line_1_62' title="bbox 335 2436 945 2475; baseline 0.003 -9"><span class='ocrx_word' id='word_1_375' title='bbox 335 2440 439 2468; x_wconf 89' lang='lat' dir='ltr'>tionem</span> <span class='ocrx_word' id='word_1_376' title='bbox 452 2439 570 2468; x_wconf 80' lang='lat' dir='ltr'>Ecclefiae</span> <span class='ocrx_word' id='word_1_377' title='bbox 582 2442 596 2467; x_wconf 73' lang='grc' dir='ltr'><em>ἓ</em></span> <span class='ocrx_word' id='word_1_378' title='bbox 633 2449 677 2475; x_wconf 76' lang='lat' dir='ltr'>ag.</span> <span class='ocrx_word' id='word_1_379' title='bbox 691 2449 750 2473; x_wconf 85' lang='lat'><em>104.</em></span> <span class='ocrx_word' id='word_1_380' title='bbox 766 2439 790 2471; x_wconf 85' lang='lat'>§.</span> <span class='ocrx_word' id='word_1_381' title='bbox 803 2436 926 2467; x_wconf 79' lang='lat' dir='ltr'>Alterum</span> <span class='ocrx_word' id='word_1_382' title='bbox 940 2462 945 2468; x_wconf 94' lang='lat'>.</span> 
     </span>
     <span class='ocr_line' id='line_1_63' title="bbox 297 2472 1043 2508; baseline 0.003 -7"><span class='ocrx_word' id='word_1_383' title='bbox 297 2473 414 2502; x_wconf 70' lang='lat' dir='ltr'>fabricae</span> <span class='ocrx_word' id='word_1_384' title='bbox 426 2474 545 2503; x_wconf 73' lang='lat' dir='ltr'>Ecclesia:</span> <span class='ocrx_word' id='word_1_385' title='bbox 555 2476 606 2502; x_wconf 88' lang='lat' dir='ltr'>Cat</span> <span class='ocrx_word' id='word_1_386' title='bbox 629 2474 726 2508; x_wconf 71' lang='lat' dir='ltr'>edtalis</span> <span class='ocrx_word' id='word_1_387' title='bbox 753 2472 867 2502; x_wconf 76' lang='lat' dir='ltr'>debetur</span> <span class='ocrx_word' id='word_1_388' title='bbox 891 2474 983 2503; x_wconf 88' lang='lat' dir='ltr'>media</span> <span class='ocrx_word' id='word_1_389' title='bbox 993 2484 1043 2503; x_wconf 89' lang='lat' dir='ltr'>an-</span> 
     </span>
     <span class='ocr_line' id='line_1_64' title="bbox 334 2509 1044 2547; baseline 0.004 -11"><span class='ocrx_word' id='word_1_390' title='bbox 334 2518 398 2536; x_wconf 79' lang='lat' dir='ltr'>nata</span> <span class='ocrx_word' id='word_1_391' title='bbox 418 2518 450 2535; x_wconf 86' lang='lat' dir='ltr'>ex</span> <span class='ocrx_word' id='word_1_392' title='bbox 463 2509 599 2538; x_wconf 83' lang='lat' dir='ltr'>beneficiis</span> <span class='ocrx_word' id='word_1_393' title='bbox 612 2509 788 2539; x_wconf 85' lang='lat' dir='ltr'>Eccleliarum</span> <span class='ocrx_word' id='word_1_394' title='bbox 809 2519 864 2537; x_wconf 90' lang='lat' dir='ltr'>non</span> <span class='ocrx_word' id='word_1_395' title='bbox 876 2511 1044 2547; x_wconf 84' lang='lat' dir='ltr'>Collegiata-</span> 
     </span>
     <span class='ocr_line' id='line_1_65' title="bbox 334 2542 1042 2584; baseline 0.006 -14"><span class='ocrx_word' id='word_1_396' title='bbox 334 2553 396 2571; x_wconf 85' lang='lat' dir='ltr'>rum</span> <span class='ocrx_word' id='word_1_397' title='bbox 418 2542 554 2582; x_wconf 82' lang='lat' dir='ltr'>ordinaria</span> <span class='ocrx_word' id='word_1_398' title='bbox 577 2545 741 2574; x_wconf 68' lang='lat' dir='ltr'>austeritate</span> <span class='ocrx_word' id='word_1_399' title='bbox 761 2544 867 2574; x_wconf 87' lang='lat' dir='ltr'>collatis</span> <span class='ocrx_word' id='word_1_400' title='bbox 880 2567 888 2574; x_wconf 94' lang='lat'><strong><em>.</em></strong></span> <span class='ocrx_word' id='word_1_401' title='bbox 908 2557 975 2584; x_wconf 80' lang='lat' dir='ltr'>pag.</span> <span class='ocrx_word' id='word_1_402' title='bbox 982 2556 1042 2581; x_wconf 76' lang='lat'>204.</span> 
     </span>
     <span class='ocr_line' id='line_1_66' title="bbox 332 2578 640 2614; baseline 0.003 -8"><span class='ocrx_word' id='word_1_403' title='bbox 332 2580 356 2610; x_wconf 84' lang='lat'>§.</span> <span class='ocrx_word' id='word_1_404' title='bbox 367 2578 513 2606; x_wconf 78' lang='lat' dir='ltr'>Tudermza</span> <span class='ocrx_word' id='word_1_405' title='bbox 525 2602 533 2612; x_wconf 96' lang='lat'>‚</span> <span class='ocrx_word' id='word_1_406' title='bbox 553 2578 615 2614; x_wconf 73' lang='lat' dir='ltr'>&amp;se</span> <span class='ocrx_word' id='word_1_407' title='bbox 633 2602 640 2609; x_wconf 90' lang='lat'><strong><em>.</em></strong></span> 
     </span>
     <span class='ocr_line' id='line_1_67' title="bbox 296 2591 841 2653; baseline 0.004 -11"><span class='ocrx_word' id='word_1_408' title='bbox 296 2616 380 2643; x_wconf 81' lang='lat' dir='ltr'>Fama</span> <span class='ocrx_word' id='word_1_409' title='bbox 388 2613 494 2653; x_wconf 87' lang='lat' dir='ltr'>publica</span> <span class='ocrx_word' id='word_1_410' title='bbox 507 2631 517 2639; x_wconf 86' lang='lat'>-</span> <span class='ocrx_word' id='word_1_411' title='bbox 533 2614 602 2642; x_wconf 83' lang='lat' dir='ltr'>Vide</span> <span class='ocrx_word' id='word_1_412' title='bbox 614 2591 822 2644; x_wconf 46' lang='lat' dir='ltr'>&amp;ammonium</span> <span class='ocrx_word' id='word_1_413' title='bbox 834 2637 841 2644; x_wconf 87' lang='lat'>.</span> 
     </span>
     <span class='ocr_line' id='line_1_68' title="bbox 268 2648 1041 2686; baseline 0.005 -9"><span class='ocrx_word' id='word_1_414' title='bbox 268 2654 271 2657; x_wconf 91' lang='lat'>&#39;</span> <span class='ocrx_word' id='word_1_415' title='bbox 297 2649 454 2678; x_wconf 69' lang='lat' dir='ltr'>familiares</span> <span class='ocrx_word' id='word_1_416' title='bbox 460 2648 637 2677; x_wconf 78' lang='lat' dir='ltr'>Reoularium</span> <span class='ocrx_word' id='word_1_417' title='bbox 645 2660 700 2678; x_wconf 91' lang='lat' dir='ltr'>non</span> <span class='ocrx_word' id='word_1_418' title='bbox 708 2651 828 2686; x_wconf 80' lang='lat' dir='ltr'>gaudent</span> <span class='ocrx_word' id='word_1_419' title='bbox 834 2651 944 2680; x_wconf 88' lang='lat' dir='ltr'>illorum</span> <span class='ocrx_word' id='word_1_420' title='bbox 951 2662 1041 2681; x_wconf 79' lang='lat' dir='ltr'>exerti-</span> 
     </span>
     <span class='ocr_line' id='line_1_69' title="bbox 332 2670 1041 2722; baseline 0.006 -10"><span class='ocrx_word' id='word_1_421' title='bbox 332 2685 442 2719; x_wconf 88' lang='lat' dir='ltr'>ptione‚</span> <span class='ocrx_word' id='word_1_422' title='bbox 460 2670 570 2711; x_wconf 62' lang='lat' dir='ltr'>nili’fint</span> <span class='ocrx_word' id='word_1_423' title='bbox 581 2684 681 2712; x_wconf 64' lang='lat' dir='ltr'>addicit</span> <span class='ocrx_word' id='word_1_424' title='bbox 689 2684 800 2713; x_wconf 85' lang='lat' dir='ltr'>servitio</span> <span class='ocrx_word' id='word_1_425' title='bbox 807 2686 1041 2722; x_wconf 57' lang='lat' dir='ltr'>Monasteriima·</span> 
     </span>
     <span class='ocr_line' id='line_1_70' title="bbox 329 2717 1036 2751; baseline 0.004 -3"><span class='ocrx_word' id='word_1_426' title='bbox 329 2728 413 2748; x_wconf 88' lang='lat' dir='ltr'>neant</span> <span class='ocrx_word' id='word_1_427' title='bbox 425 2719 495 2746; x_wconf 88' lang='lat' dir='ltr'>intra</span> <span class='ocrx_word' id='word_1_428' title='bbox 506 2717 619 2747; x_wconf 85' lang='lat' dir='ltr'>claustra</span> <span class='ocrx_word' id='word_1_429' title='bbox 630 2740 639 2751; x_wconf 88' lang='lat'><em>‚</em></span> <span class='ocrx_word' id='word_1_430' title='bbox 659 2723 685 2747; x_wconf 88' lang='lat'>&amp;</span> <span class='ocrx_word' id='word_1_431' title='bbox 697 2720 795 2748; x_wconf 86' lang='lat' dir='ltr'>vivant</span> <span class='ocrx_word' id='word_1_432' title='bbox 816 2720 866 2749; x_wconf 89' lang='lat' dir='ltr'>sub</span> <span class='ocrx_word' id='word_1_433' title='bbox 877 2722 1036 2751; x_wconf 82' lang='lat' dir='ltr'>obedientia</span> 
     </span>
     <span class='ocr_line' id='line_1_71' title="bbox 330 2754 987 2796; baseline 0.005 -12"><span class='ocrx_word' id='word_1_434' title='bbox 330 2754 480 2790; x_wconf 79' lang='lat' dir='ltr'>Superioris</span> <span class='ocrx_word' id='word_1_435' title='bbox 491 2754 634 2792; x_wconf 84' lang='lat' dir='ltr'>Regularis</span> <span class='ocrx_word' id='word_1_436' title='bbox 646 2775 654 2781; x_wconf 92' lang='lat'>.</span> <span class='ocrx_word' id='word_1_437' title='bbox 665 2765 731 2793; x_wconf 77' lang='lat' dir='ltr'>pag.</span> <span class='ocrx_word' id='word_1_438' title='bbox 745 2761 802 2790; x_wconf 74' lang='lat'>1⁶7.</span> <span class='ocrx_word' id='word_1_439' title='bbox 812 2757 834 2789; x_wconf 84' lang='lat'>§.</span> <span class='ocrx_word' id='word_1_440' title='bbox 842 2756 880 2785; x_wconf 83' lang='lat' dir='ltr'>Et</span> <span class='ocrx_word' id='word_1_441' title='bbox 888 2767 967 2796; x_wconf 78' lang='lat' dir='ltr'>quum</span> <span class='ocrx_word' id='word_1_442' title='bbox 979 2779 987 2787; x_wconf 81' lang='grc'>,</span> 
     </span>
    </p>
   </div>
   <div class='ocr_carea' id='block_1_10' title="bbox 1099 354 1848 853">
    <p class='ocr_par' dir='ltr' id='par_1_29' title="bbox 1135 354 1847 419">
     <span class='ocr_line' id='line_1_72' title="bbox 1135 354 1847 419; baseline 0.003 -36"><span class='ocrx_word' id='word_1_443' title='bbox 1135 354 1390 419; x_wconf 52' lang='grc' dir='ltr'>ᾳηιέἒὲὶιέοάείίεω</span> <span class='ocrx_word' id='word_1_444' title='bbox 1403 356 1584 385; x_wconf 78' lang='lat' dir='ltr'>tumulantem</span> <span class='ocrx_word' id='word_1_445' title='bbox 1597 378 1604 384; x_wconf 84' lang='lat'><strong>.</strong></span> <span class='ocrx_word' id='word_1_446' title='bbox 1613 367 1678 394; x_wconf 75' lang='lat' dir='ltr'>pag.</span> <span class='ocrx_word' id='word_1_447' title='bbox 1693 366 1735 389; x_wconf 89' lang='lat'>90.</span> <span class='ocrx_word' id='word_1_448' title='bbox 1750 358 1847 389; x_wconf 79' lang='lat' dir='ltr'>§.Con-</span> 
     </span>
    </p>

    <p class='ocr_par' dir='ltr' id='par_1_30' title="bbox 1133 400 1255 419">
     <span class='ocr_line' id='line_1_73' title="bbox 1133 400 1255 419; baseline 0 -1"><span class='ocrx_word' id='word_1_449' title='bbox 1133 400 1175 419; x_wconf 80' lang='lat' dir='ltr'>ten</span> <span class='ocrx_word' id='word_1_450' title='bbox 1248 413 1255 418; x_wconf 95' lang='lat'>.</span> 
     </span>
    </p>

    <p class='ocr_par' dir='ltr' id='par_1_31' title="bbox 1132 425 1846 603">
     <span class='ocr_line' id='line_1_74' title="bbox 1169 425 1846 462; baseline 0.009 -8"><span class='ocrx_word' id='word_1_451' title='bbox 1169 425 1259 454; x_wconf 87' lang='lat' dir='ltr'>Potest</span> <span class='ocrx_word' id='word_1_452' title='bbox 1270 435 1364 455; x_wconf 75' lang='lat' dir='ltr'>tamen</span> <span class='ocrx_word' id='word_1_453' title='bbox 1380 426 1479 462; x_wconf 82' lang='lat' dir='ltr'>vigore</span> <span class='ocrx_word' id='word_1_454' title='bbox 1491 426 1718 457; x_wconf 78' lang='lat' dir='ltr'>immemorabilis</span> <span class='ocrx_word' id='word_1_455' title='bbox 1731 430 1846 460; x_wconf 85' lang='lat' dir='ltr'>consue-</span> 
     </span>
     <span class='ocr_line' id='line_1_75' title="bbox 1134 459 1842 497; baseline 0.008 -8"><span class='ocrx_word' id='word_1_456' title='bbox 1134 461 1255 495; x_wconf 83' lang='lat' dir='ltr'>tudinis,</span> <span class='ocrx_word' id='word_1_457' title='bbox 1273 462 1318 490; x_wconf 89' lang='lat' dir='ltr'>vel</span> <span class='ocrx_word' id='word_1_458' title='bbox 1341 462 1375 490; x_wconf 90' lang='lat' dir='ltr'>de</span> <span class='ocrx_word' id='word_1_459' title='bbox 1386 459 1517 489; x_wconf 86' lang='lat' dir='ltr'>consensu</span> <span class='ocrx_word' id='word_1_460' title='bbox 1538 460 1676 492; x_wconf 69' lang='lat' dir='ltr'>haeredum</span> <span class='ocrx_word' id='word_1_461' title='bbox 1687 486 1697 497; x_wconf 83' lang='lat'><em>,</em></span> <span class='ocrx_word' id='word_1_462' title='bbox 1716 466 1842 495; x_wconf 78' lang='lat' dir='ltr'>Cadaver</span> 
     </span>
     <span class='ocr_line' id='line_1_76' title="bbox 1134 495 1844 532; baseline 0.008 -8"><span class='ocrx_word' id='word_1_463' title='bbox 1134 496 1235 531; x_wconf 89' lang='lat' dir='ltr'>deponi</span> <span class='ocrx_word' id='word_1_464' title='bbox 1247 498 1276 525; x_wconf 91' lang='lat' dir='ltr'>in</span> <span class='ocrx_word' id='word_1_465' title='bbox 1287 497 1341 525; x_wconf 86' lang='lat' dir='ltr'>alia</span> <span class='ocrx_word' id='word_1_466' title='bbox 1353 495 1467 525; x_wconf 83' lang='lat' dir='ltr'>Ecclesia</span> <span class='ocrx_word' id='word_1_467' title='bbox 1479 520 1487 531; x_wconf 89' lang='lat'>‚</span> <span class='ocrx_word' id='word_1_468' title='bbox 1506 506 1653 532; x_wconf 86' lang='lat' dir='ltr'>antequam</span> <span class='ocrx_word' id='word_1_469' title='bbox 1666 499 1844 530; x_wconf 83' lang='lat' dir='ltr'>transferatur</span> 
     </span>
     <span class='ocr_line' id='line_1_77' title="bbox 1136 531 1846 595; baseline 0.01 -36"><span class='ocrx_word' id='word_1_470' title='bbox 1136 532 1171 572; x_wconf 80' lang='lat' dir='ltr'>ad</span> <span class='ocrx_word' id='word_1_471' title='bbox 1183 531 1325 595; x_wconf 52' lang='lat' dir='ltr'>{eclesiam</span> <span class='ocrx_word' id='word_1_472' title='bbox 1338 532 1521 560; x_wconf 87' lang='lat' dir='ltr'>tuinulantem</span> <span class='ocrx_word' id='word_1_473' title='bbox 1532 554 1539 560; x_wconf 87' lang='lat'><strong>.</strong></span> <span class='ocrx_word' id='word_1_474' title='bbox 1553 543 1618 569; x_wconf 74' lang='lat' dir='ltr'>pag.</span> <span class='ocrx_word' id='word_1_475' title='bbox 1631 545 1673 567; x_wconf 70' lang='lat'>91-</span> <span class='ocrx_word' id='word_1_476' title='bbox 1685 536 1708 567; x_wconf 68' lang='lat' dir='ltr'>S.</span> <span class='ocrx_word' id='word_1_477' title='bbox 1721 535 1777 564; x_wconf 68' lang='lat' dir='ltr'>Sed</span> <span class='ocrx_word' id='word_1_478' title='bbox 1795 538 1846 566; x_wconf 81' lang='lat' dir='ltr'>Ca-</span> 
     </span>
     <span class='ocr_line' id='line_1_78' title="bbox 1132 577 1268 603; baseline 0.022 -9"><span class='ocrx_word' id='word_1_479' title='bbox 1132 577 1191 603; x_wconf 76' lang='lat' dir='ltr'>pitu</span> <span class='ocrx_word' id='word_1_480' title='bbox 1221 579 1248 596; x_wconf 88' lang='lat' dir='ltr'>m</span> <span class='ocrx_word' id='word_1_481' title='bbox 1261 590 1268 597; x_wconf 92' lang='lat'><strong>.</strong></span> 
     </span>
    </p>

    <p class='ocr_par' dir='ltr' id='par_1_32' title="bbox 1099 603 1848 782">
     <span class='ocr_line' id='line_1_79' title="bbox 1099 603 1848 641; baseline 0.008 -11"><span class='ocrx_word' id='word_1_482' title='bbox 1099 603 1234 631; x_wconf 81' lang='lat' dir='ltr'>Funerum</span> <span class='ocrx_word' id='word_1_483' title='bbox 1256 603 1443 632; x_wconf 84' lang='lat' dir='ltr'>emolumenta</span> <span class='ocrx_word' id='word_1_484' title='bbox 1455 604 1562 638; x_wconf 79' lang='lat' dir='ltr'>majora</span> <span class='ocrx_word' id='word_1_485' title='bbox 1581 605 1659 640; x_wconf 83' lang='lat' dir='ltr'>exegi</span> <span class='ocrx_word' id='word_1_486' title='bbox 1670 615 1805 641; x_wconf 84' lang='lat' dir='ltr'>nequeunt</span> <span class='ocrx_word' id='word_1_487' title='bbox 1827 618 1848 636; x_wconf 80' lang='lat' dir='ltr'>a</span> 
     </span>
     <span class='ocr_line' id='line_1_80' title="bbox 1134 636 1844 674; baseline 0.008 -9"><span class='ocrx_word' id='word_1_488' title='bbox 1134 637 1259 667; x_wconf 85' lang='lat' dir='ltr'>l’arocho</span> <span class='ocrx_word' id='word_1_489' title='bbox 1270 663 1278 674; x_wconf 97' lang='lat'>,</span> <span class='ocrx_word' id='word_1_490' title='bbox 1298 643 1327 667; x_wconf 74' lang='grc' dir='ltr'>δι</span> <span class='ocrx_word' id='word_1_491' title='bbox 1337 639 1466 673; x_wconf 84' lang='lat' dir='ltr'>Capitulo</span> <span class='ocrx_word' id='word_1_492' title='bbox 1474 636 1708 673; x_wconf 71' lang='lat' dir='ltr'>proaffociarione</span> <span class='ocrx_word' id='word_1_493' title='bbox 1721 642 1844 671; x_wconf 84' lang='lat' dir='ltr'>Cadave-</span> 
     </span>
     <span class='ocr_line' id='line_1_81' title="bbox 1134 673 1847 712; baseline 0.006 -11"><span class='ocrx_word' id='word_1_494' title='bbox 1134 674 1171 701; x_wconf 61' lang='grc' dir='ltr'>Εἰς</span> <span class='ocrx_word' id='word_1_495' title='bbox 1184 674 1218 701; x_wconf 88' lang='lat' dir='ltr'>ad</span> <span class='ocrx_word' id='word_1_496' title='bbox 1230 674 1374 703; x_wconf 80' lang='lat' dir='ltr'>Ecclefiarn</span> <span class='ocrx_word' id='word_1_497' title='bbox 1381 684 1457 702; x_wconf 85' lang='lat' dir='ltr'>extra</span> <span class='ocrx_word' id='word_1_498' title='bbox 1465 674 1520 702; x_wconf 90' lang='lat' dir='ltr'>loci</span> <span class='ocrx_word' id='word_1_499' title='bbox 1532 675 1632 702; x_wconf 76' lang='lat' dir='ltr'>inaenia</span> <span class='ocrx_word' id='word_1_500' title='bbox 1641 673 1718 703; x_wconf 70' lang='lat' dir='ltr'>fitam</span> <span class='ocrx_word' id='word_1_501' title='bbox 1730 699 1739 710; x_wconf 87' lang='lat'>‚</span> <span class='ocrx_word' id='word_1_502' title='bbox 1759 687 1847 712; x_wconf 69' lang='lat' dir='ltr'>quatrie</span> 
     </span>
     <span class='ocr_line' id='line_1_82' title="bbox 1133 707 1842 744; baseline 0.008 -8"><span class='ocrx_word' id='word_1_503' title='bbox 1133 718 1184 743; x_wconf 88' lang='lat' dir='ltr'>pro</span> <span class='ocrx_word' id='word_1_504' title='bbox 1201 707 1342 738; x_wconf 84' lang='lat' dir='ltr'>funeribus</span> <span class='ocrx_word' id='word_1_505' title='bbox 1353 709 1491 744; x_wconf 85' lang='lat' dir='ltr'>explendis</span> <span class='ocrx_word' id='word_1_506' title='bbox 1501 710 1530 737; x_wconf 89' lang='lat' dir='ltr'>in</span> <span class='ocrx_word' id='word_1_507' title='bbox 1543 708 1819 741; x_wconf 67' lang='lat' dir='ltr'>Ecclefia·Paxochiali</span> <span class='ocrx_word' id='word_1_508' title='bbox 1833 734 1842 742; x_wconf 86' lang='lat'><strong>.</strong></span> 
     </span>
     <span class='ocr_line' id='line_1_83' title="bbox 1131 746 1483 782; baseline 0.003 -11"><span class='ocrx_word' id='word_1_509' title='bbox 1131 755 1250 782; x_wconf 55' lang='lat' dir='ltr'>pag-&gt;90.</span> <span class='ocrx_word' id='word_1_510' title='bbox 1265 746 1288 777; x_wconf 88' lang='lat'>§.</span> <span class='ocrx_word' id='word_1_511' title='bbox 1303 746 1483 773; x_wconf 74' lang='lat' dir='ltr'>contendunt.</span> 
     </span>
    </p>

    <p class='ocr_par' dir='ltr' id='par_1_33' title="bbox 1134 777 1846 853">
     <span class='ocr_line' id='line_1_84' title="bbox 1170 777 1844 818; baseline 0.004 -10"><span class='ocrx_word' id='word_1_512' title='bbox 1170 780 1257 818; x_wconf 80' lang='lat' dir='ltr'>Quod</span> <span class='ocrx_word' id='word_1_513' title='bbox 1267 780 1478 817; x_wconf 85' lang='lat' dir='ltr'>intelligendum</span> <span class='ocrx_word' id='word_1_514' title='bbox 1487 777 1525 808; x_wconf 91' lang='lat' dir='ltr'>est</span> <span class='ocrx_word' id='word_1_515' title='bbox 1532 803 1540 814; x_wconf 88' lang='lat'><strong>,</strong></span> <span class='ocrx_word' id='word_1_516' title='bbox 1549 778 1568 808; x_wconf 83' lang='lat' dir='ltr'>fi</span> <span class='ocrx_word' id='word_1_517' title='bbox 1576 782 1664 815; x_wconf 76' lang='lat' dir='ltr'>majus</span> <span class='ocrx_word' id='word_1_518' title='bbox 1670 781 1844 811; x_wconf 87' lang='lat' dir='ltr'>emolumen-</span> 
     </span>
     <span class='ocr_line' id='line_1_85' title="bbox 1134 815 1846 853; baseline 0.006 -10"><span class='ocrx_word' id='word_1_519' title='bbox 1134 822 1193 843; x_wconf 88' lang='lat' dir='ltr'>tum</span> <span class='ocrx_word' id='word_1_520' title='bbox 1205 816 1330 853; x_wconf 77' lang='lat' dir='ltr'>exigatur</span> <span class='ocrx_word' id='word_1_521' title='bbox 1340 817 1368 843; x_wconf 89' lang='lat' dir='ltr'>in</span> <span class='ocrx_word' id='word_1_522' title='bbox 1378 815 1681 851; x_wconf 83' lang='lat' dir='ltr'>odiumRegularium,</span> <span class='ocrx_word' id='word_1_523' title='bbox 1702 826 1732 845; x_wconf 93' lang='lat' dir='ltr'>ut</span> <span class='ocrx_word' id='word_1_524' title='bbox 1741 817 1846 847; x_wconf 79' lang='lat' dir='ltr'>Fideles</span> 
     </span>
    </p>
   </div>
   <div class='ocr_carea' id='block_1_11' title="bbox 1132 849 1846 885">
    <p class='ocr_par' dir='ltr' id='par_1_34' title="bbox 1132 849 1846 885">
     <span class='ocr_line' id='line_1_86' title="bbox 1132 849 1846 885; baseline 0.008 -8"><span class='ocrx_word' id='word_1_525' title='bbox 1132 849 1305 880; x_wconf 85' lang='lat' dir='ltr'>retrahantur</span> <span class='ocrx_word' id='word_1_526' title='bbox 1328 850 1364 879; x_wconf 91' lang='lat' dir='ltr'>ab</span> <span class='ocrx_word' id='word_1_527' title='bbox 1384 850 1515 879; x_wconf 67' lang='lat' dir='ltr'>eleetione</span> <span class='ocrx_word' id='word_1_528' title='bbox 1534 850 1674 885; x_wconf 78' lang='lat' dir='ltr'>sepulturae</span> <span class='ocrx_word' id='word_1_529' title='bbox 1693 852 1721 880; x_wconf 87' lang='lat' dir='ltr'>iri</span> <span class='ocrx_word' id='word_1_530' title='bbox 1732 853 1846 883; x_wconf 84' lang='lat' dir='ltr'>illorum</span> 
     </span>
    </p>
   </div>
   <div class='ocr_carea' id='block_1_12' title="bbox 1099 885 1847 1137">
    <p class='ocr_par' dir='ltr' id='par_1_35' title="bbox 1099 885 1847 1137">
     <span class='ocr_line' id='line_1_87' title="bbox 1131 885 1656 924; baseline 0.004 -12"><span class='ocrx_word' id='word_1_531' title='bbox 1131 885 1246 915; x_wconf 85' lang='lat' dir='ltr'>Ecclefia</span> <span class='ocrx_word' id='word_1_532' title='bbox 1258 908 1265 914; x_wconf 93' lang='lat'>.</span> <span class='ocrx_word' id='word_1_533' title='bbox 1278 897 1343 924; x_wconf 64' lang='lat' dir='ltr'>pag⁴</span> <span class='ocrx_word' id='word_1_534' title='bbox 1357 896 1400 920; x_wconf 61' lang='lat'>91.</span> <span class='ocrx_word' id='word_1_535' title='bbox 1413 887 1436 918; x_wconf 89' lang='lat'>§.</span> <span class='ocrx_word' id='word_1_536' title='bbox 1447 885 1635 915; x_wconf 78' lang='lat' dir='ltr'>Emolumenta</span> <span class='ocrx_word' id='word_1_537' title='bbox 1648 908 1656 914; x_wconf 80' lang='grc'><strong>.</strong></span> 
     </span>
     <span class='ocr_line' id='line_1_88' title="bbox 1165 921 1846 959; baseline 0.006 -10"><span class='ocrx_word' id='word_1_538' title='bbox 1165 922 1231 949; x_wconf 93' lang='lat' dir='ltr'>Non</span> <span class='ocrx_word' id='word_1_539' title='bbox 1239 931 1331 950; x_wconf 89' lang='lat' dir='ltr'>autem</span> <span class='ocrx_word' id='word_1_540' title='bbox 1349 921 1368 949; x_wconf 87' lang='lat' dir='ltr'>fi</span> <span class='ocrx_word' id='word_1_541' title='bbox 1379 922 1504 958; x_wconf 84' lang='lat' dir='ltr'>exigatur</span> <span class='ocrx_word' id='word_1_542' title='bbox 1527 922 1633 950; x_wconf 86' lang='lat' dir='ltr'>ratione</span> <span class='ocrx_word' id='word_1_543' title='bbox 1651 923 1785 959; x_wconf 84' lang='lat' dir='ltr'>longioris</span> <span class='ocrx_word' id='word_1_544' title='bbox 1798 924 1846 953; x_wconf 82' lang='lat' dir='ltr'>iti-</span> 
     </span>
     <span class='ocr_line' id='line_1_89' title="bbox 1128 956 1359 985; baseline 0.013 -3"><span class='ocrx_word' id='word_1_545' title='bbox 1128 956 1199 984; x_wconf 81' lang='lat' dir='ltr'>neris</span> <span class='ocrx_word' id='word_1_546' title='bbox 1212 977 1219 984; x_wconf 89' lang='lat'><strong>.</strong></span> <span class='ocrx_word' id='word_1_547' title='bbox 1238 956 1339 985; x_wconf 84' lang='lat' dir='ltr'>Ibidem</span> <span class='ocrx_word' id='word_1_548' title='bbox 1352 978 1359 985; x_wconf 93' lang='lat'><strong>.</strong></span> 
     </span>
     <span class='ocr_line' id='line_1_90' title="bbox 1164 991 1842 1030; baseline 0.007 -12"><span class='ocrx_word' id='word_1_549' title='bbox 1164 992 1198 1030; x_wconf 58' lang='lat' dir='ltr'>Et</span> <span class='ocrx_word' id='word_1_550' title='bbox 1210 993 1347 1025; x_wconf 86' lang='lat' dir='ltr'>quantitas</span> <span class='ocrx_word' id='word_1_551' title='bbox 1359 991 1613 1020; x_wconf 86' lang='lat' dir='ltr'>emolumentorum</span> <span class='ocrx_word' id='word_1_552' title='bbox 1623 991 1787 1022; x_wconf 82' lang='lat' dir='ltr'>funeralium</span> <span class='ocrx_word' id='word_1_553' title='bbox 1800 1005 1842 1023; x_wconf 89' lang='lat' dir='ltr'>re-</span> 
     </span>
     <span class='ocr_line' id='line_1_91' title="bbox 1099 1025 1842 1064; baseline 0.009 -12"><span class='ocrx_word' id='word_1_554' title='bbox 1099 1038 1102 1041; x_wconf 97' lang='lat'>·</span> <span class='ocrx_word' id='word_1_555' title='bbox 1131 1025 1239 1059; x_wconf 69' lang='lat' dir='ltr'>gul-atur</span> <span class='ocrx_word' id='word_1_556' title='bbox 1247 1026 1282 1053; x_wconf 84' lang='lat' dir='ltr'>ab</span> <span class='ocrx_word' id='word_1_557' title='bbox 1290 1025 1464 1055; x_wconf 87' lang='lat' dir='ltr'>observantia</span> <span class='ocrx_word' id='word_1_558' title='bbox 1473 1050 1482 1061; x_wconf 92' lang='lat'>‚</span> <span class='ocrx_word' id='word_1_559' title='bbox 1500 1026 1520 1055; x_wconf 85' lang='lat' dir='ltr'>fi</span> <span class='ocrx_word' id='word_1_560' title='bbox 1530 1038 1586 1056; x_wconf 90' lang='lat' dir='ltr'>non</span> <span class='ocrx_word' id='word_1_561' title='bbox 1599 1027 1675 1057; x_wconf 83' lang='lat' dir='ltr'>adest</span> <span class='ocrx_word' id='word_1_562' title='bbox 1687 1038 1750 1058; x_wconf 84' lang='lat' dir='ltr'>taxa</span> <span class='ocrx_word' id='word_1_563' title='bbox 1760 1028 1842 1064; x_wconf 78' lang='lat' dir='ltr'>syno-</span> 
     </span>
     <span class='ocr_line' id='line_1_92' title="bbox 1132 1060 1349 1089; baseline 0.009 -2"><span class='ocrx_word' id='word_1_564' title='bbox 1132 1060 1214 1088; x_wconf 81' lang='lat' dir='ltr'>dalis.</span> <span class='ocrx_word' id='word_1_565' title='bbox 1233 1060 1349 1089; x_wconf 78' lang='lat' dir='ltr'>Ibidem.</span> 
     </span>
     <span class='ocr_line' id='line_1_93' title="bbox 1166 1095 1847 1137; baseline 0.012 -14"><span class='ocrx_word' id='word_1_566' title='bbox 1166 1097 1202 1123; x_wconf 85' lang='lat' dir='ltr'>Ar</span> <span class='ocrx_word' id='word_1_567' title='bbox 1222 1105 1255 1124; x_wconf 87' lang='lat' dir='ltr'>ue</span> <span class='ocrx_word' id='word_1_568' title='bbox 1261 1095 1436 1131; x_wconf 86' lang='lat' dir='ltr'>eleemosyna</span> <span class='ocrx_word' id='word_1_569' title='bbox 1441 1098 1530 1131; x_wconf 80' lang='lat' dir='ltr'>major</span> <span class='ocrx_word' id='word_1_570' title='bbox 1541 1097 1654 1137; x_wconf 80' lang='lat' dir='ltr'>debetur</span> <span class='ocrx_word' id='word_1_571' title='bbox 1664 1099 1847 1136; x_wconf 72' lang='lat' dir='ltr'>Paxocho,ver</span> 
     </span>
    </p>
   </div>
   <div class='ocr_carea' id='block_1_13' title="bbox 1132 1130 1841 1196">
    <p class='ocr_par' dir='ltr' id='par_1_36' title="bbox 1132 1130 1841 1196">
     <span class='ocr_line' id='line_1_94' title="bbox 1132 1130 1841 1169; baseline 0.01 -10"><span class='ocrx_word' id='word_1_572' title='bbox 1132 1131 1190 1169; x_wconf 79' lang='lat' dir='ltr'>ejus</span> <span class='ocrx_word' id='word_1_573' title='bbox 1213 1130 1345 1161; x_wconf 77' lang='lat' dir='ltr'>ubstituto</span> <span class='ocrx_word' id='word_1_574' title='bbox 1355 1154 1366 1165; x_wconf 85' lang='lat'>,</span> <span class='ocrx_word' id='word_1_575' title='bbox 1384 1142 1467 1167; x_wconf 87' lang='lat' dir='ltr'>quam</span> <span class='ocrx_word' id='word_1_576' title='bbox 1478 1142 1579 1161; x_wconf 64' lang='lat' dir='ltr'>exteris</span> <span class='ocrx_word' id='word_1_577' title='bbox 1602 1132 1698 1163; x_wconf 83' lang='lat' dir='ltr'>funeta</span> <span class='ocrx_word' id='word_1_578' title='bbox 1708 1138 1841 1166; x_wconf 83' lang='lat' dir='ltr'>comitan-</span> 
     </span>
     <span class='ocr_line' id='line_1_95' title="bbox 1132 1166 1751 1196; baseline 0.008 -2"><span class='ocrx_word' id='word_1_579' title='bbox 1132 1166 1203 1195; x_wconf 88' lang='lat' dir='ltr'>tibus</span> <span class='ocrx_word' id='word_1_580' title='bbox 1215 1188 1221 1194; x_wconf 86' lang='lat'><strong><em>.</em></strong></span> <span class='ocrx_word' id='word_1_581' title='bbox 1241 1167 1342 1196; x_wconf 81' lang='lat' dir='ltr'>Ibidem</span> <span class='ocrx_word' id='word_1_582' title='bbox 1355 1190 1362 1195; x_wconf 89' lang='lat'><em>.</em></span> <span class='ocrx_word' id='word_1_583' title='bbox 1749 1176 1751 1178; x_wconf 80' lang='grc'><strong>“</strong></span> 
     </span>
    </p>
   </div>
   <div class='ocr_carea' id='block_1_14' title="bbox 1165 1201 1882 1244">
    <p class='ocr_par' dir='ltr' id='par_1_37' title="bbox 1165 1201 1882 1244">
     <span class='ocr_line' id='line_1_96' title="bbox 1165 1201 1882 1244; baseline 0.003 -13"><span class='ocrx_word' id='word_1_584' title='bbox 1165 1203 1200 1230; x_wconf 88' lang='lat' dir='ltr'>Et</span> <span class='ocrx_word' id='word_1_585' title='bbox 1220 1212 1255 1231; x_wconf 88' lang='lat' dir='ltr'>an</span> <span class='ocrx_word' id='word_1_586' title='bbox 1264 1201 1377 1232; x_wconf 72' lang='lat' dir='ltr'>Sati-ista</span> <span class='ocrx_word' id='word_1_587' title='bbox 1396 1204 1495 1240; x_wconf 86' lang='lat' dir='ltr'>vigore</span> <span class='ocrx_word' id='word_1_588' title='bbox 1507 1203 1709 1244; x_wconf 55' lang='lat' dir='ltr'>consuetudinis</span> <span class='ocrx_word' id='word_1_589' title='bbox 1730 1206 1841 1243; x_wconf 86' lang='lat' dir='ltr'>exigere</span> <span class='ocrx_word' id='word_1_590' title='bbox 1879 1232 1882 1233; x_wconf 24' lang='lat' dir='ltr'>t</span> 
     </span>
    </p>
   </div>
   <div class='ocr_carea' id='block_1_15' title="bbox 1091 1237 1849 1631">
    <p class='ocr_par' dir='ltr' id='par_1_38' title="bbox 1091 1237 1849 1419">
     <span class='ocr_line' id='line_1_97' title="bbox 1129 1237 1842 1275; baseline 0.006 -9"><span class='ocrx_word' id='word_1_591' title='bbox 1129 1237 1221 1266; x_wconf 88' lang='lat' dir='ltr'>valeat</span> <span class='ocrx_word' id='word_1_592' title='bbox 1232 1239 1459 1267; x_wconf 84' lang='lat' dir='ltr'>emolumentum·</span> <span class='ocrx_word' id='word_1_593' title='bbox 1472 1238 1531 1273; x_wconf 76' lang='lat' dir='ltr'>julii</span> <span class='ocrx_word' id='word_1_594' title='bbox 1543 1249 1622 1268; x_wconf 87' lang='lat' dir='ltr'>unius</span> <span class='ocrx_word' id='word_1_595' title='bbox 1642 1250 1692 1275; x_wconf 86' lang='lat' dir='ltr'>pro</span> <span class='ocrx_word' id='word_1_596' title='bbox 1705 1251 1842 1270; x_wconf 85' lang='lat' dir='ltr'>convoca-</span> 
     </span>
     <span class='ocr_line' id='line_1_98' title="bbox 1128 1273 1849 1340; baseline 0.008 -40"><span class='ocrx_word' id='word_1_597' title='bbox 1128 1273 1204 1340; x_wconf 57' lang='lat' dir='ltr'>{ionDe</span> <span class='ocrx_word' id='word_1_598' title='bbox 1216 1274 1441 1309; x_wconf 79' lang='lat' dir='ltr'>Presbyterorum</span> <span class='ocrx_word' id='word_1_599' title='bbox 1451 1273 1590 1304; x_wconf 69' lang='lat' dir='ltr'>occasione</span> <span class='ocrx_word' id='word_1_600' title='bbox 1597 1274 1726 1305; x_wconf 83' lang='lat' dir='ltr'>fiinerum</span> <span class='ocrx_word' id='word_1_601' title='bbox 1739 1298 1745 1305; x_wconf 91' lang='lat'><strong>.</strong></span> <span class='ocrx_word' id='word_1_602' title='bbox 1751 1288 1782 1314; x_wconf 84' lang='lat' dir='ltr'>p.</span> <span class='ocrx_word' id='word_1_603' title='bbox 1795 1287 1849 1312; x_wconf 65' lang='lat'>92-</span> 
     </span>
     <span class='ocr_line' id='line_1_99' title="bbox 1145 1319 1373 1339; baseline 0.004 -4"><span class='ocrx_word' id='word_1_604' title='bbox 1145 1331 1151 1335; x_wconf 91' lang='lat'>.</span> <span class='ocrx_word' id='word_1_605' title='bbox 1199 1319 1283 1338; x_wconf 71' lang='lat' dir='ltr'>eruum</span> <span class='ocrx_word' id='word_1_606' title='bbox 1295 1332 1303 1339; x_wconf 91' lang='lat'><strong><em>.</em></strong></span> <span class='ocrx_word' id='word_1_607' title='bbox 1368 1332 1373 1336; x_wconf 88' lang='lat'><em>.</em></span> 
     </span>
     <span class='ocr_line' id='line_1_100' title="bbox 1091 1343 1840 1381; baseline 0.005 -9"><span class='ocrx_word' id='word_1_608' title='bbox 1091 1343 1226 1373; x_wconf 78' lang='lat' dir='ltr'>Funerum</span> <span class='ocrx_word' id='word_1_609' title='bbox 1247 1355 1351 1380; x_wconf 83' lang='lat' dir='ltr'>pompa</span> <span class='ocrx_word' id='word_1_610' title='bbox 1362 1345 1540 1381; x_wconf 74' lang='lat' dir='ltr'>relinquenda</span> <span class='ocrx_word' id='word_1_611' title='bbox 1553 1345 1591 1374; x_wconf 81' lang='lat' dir='ltr'>est</span> <span class='ocrx_word' id='word_1_612' title='bbox 1604 1345 1720 1375; x_wconf 82' lang='lat' dir='ltr'>arbitrio</span> <span class='ocrx_word' id='word_1_613' title='bbox 1742 1348 1840 1377; x_wconf 70' lang='lat' dir='ltr'>Harre-</span> 
     </span>
     <span class='ocr_line' id='line_1_101' title="bbox 1129 1379 1547 1419; baseline 0.005 -12"><span class='ocrx_word' id='word_1_614' title='bbox 1129 1379 1195 1408; x_wconf 88' lang='lat' dir='ltr'>dum</span> <span class='ocrx_word' id='word_1_615' title='bbox 1209 1401 1216 1408; x_wconf 95' lang='lat'><strong>.</strong></span> <span class='ocrx_word' id='word_1_616' title='bbox 1232 1392 1298 1419; x_wconf 77' lang='lat' dir='ltr'>pag.</span> <span class='ocrx_word' id='word_1_617' title='bbox 1313 1383 1386 1415; x_wconf 82' lang='lat'>89.§.</span> <span class='ocrx_word' id='word_1_618' title='bbox 1401 1381 1547 1418; x_wconf 85' lang='lat' dir='ltr'>Etprimo.</span> 
     </span>
    </p>

    <p class='ocr_par' dir='ltr' id='par_1_39' title="bbox 1124 1414 1844 1550">
     <span class='ocr_line' id='line_1_102' title="bbox 1162 1414 1841 1450; baseline 0.004 -6"><span class='ocrx_word' id='word_1_619' title='bbox 1162 1416 1197 1443; x_wconf 84' lang='lat' dir='ltr'>Et</span> <span class='ocrx_word' id='word_1_620' title='bbox 1210 1414 1282 1444; x_wconf 85' lang='lat' dir='ltr'>soliis</span> <span class='ocrx_word' id='word_1_621' title='bbox 1294 1415 1432 1444; x_wconf 83' lang='lat' dir='ltr'>Patochus</span> <span class='ocrx_word' id='word_1_622' title='bbox 1444 1417 1555 1445; x_wconf 73' lang='lat' dir='ltr'>aCrualis</span> <span class='ocrx_word' id='word_1_623' title='bbox 1573 1417 1617 1450; x_wconf 76' lang='lat' dir='ltr'>jus</span> <span class='ocrx_word' id='word_1_624' title='bbox 1626 1415 1711 1445; x_wconf 79' lang='lat' dir='ltr'>habet</span> <span class='ocrx_word' id='word_1_625' title='bbox 1722 1418 1841 1447; x_wconf 86' lang='lat' dir='ltr'>interve-</span> 
     </span>
     <span class='ocr_line' id='line_1_103' title="bbox 1126 1449 1844 1486; baseline 0.006 -8"><span class='ocrx_word' id='word_1_626' title='bbox 1126 1450 1220 1479; x_wconf 88' lang='lat' dir='ltr'>niendi</span> <span class='ocrx_word' id='word_1_627' title='bbox 1244 1449 1386 1480; x_wconf 86' lang='lat' dir='ltr'>funeribus</span> <span class='ocrx_word' id='word_1_628' title='bbox 1395 1475 1404 1486; x_wconf 85' lang='lat'>‚</span> <span class='ocrx_word' id='word_1_629' title='bbox 1422 1450 1527 1480; x_wconf 82' lang='lat' dir='ltr'>etiamfi</span> <span class='ocrx_word' id='word_1_630' title='bbox 1552 1451 1588 1479; x_wconf 89' lang='lat' dir='ltr'>ab</span> <span class='ocrx_word' id='word_1_631' title='bbox 1597 1451 1760 1480; x_wconf 83' lang='lat' dir='ltr'>Haeredibus</span> <span class='ocrx_word' id='word_1_632' title='bbox 1781 1463 1844 1482; x_wconf 62' lang='lat' dir='ltr'>nor»</span> 
     </span>
     <span class='ocr_line' id='line_1_104' title="bbox 1124 1484 1842 1522; baseline 0 -8"><span class='ocrx_word' id='word_1_633' title='bbox 1124 1486 1258 1514; x_wconf 78' lang='lat' dir='ltr'>invitetur</span> <span class='ocrx_word' id='word_1_634' title='bbox 1270 1496 1341 1514; x_wconf 83' lang='lat' dir='ltr'>:non</span> <span class='ocrx_word' id='word_1_635' title='bbox 1353 1496 1447 1515; x_wconf 87' lang='lat' dir='ltr'>autem</span> <span class='ocrx_word' id='word_1_636' title='bbox 1458 1486 1616 1522; x_wconf 87' lang='lat' dir='ltr'>Capitulum</span> <span class='ocrx_word' id='word_1_637' title='bbox 1627 1484 1730 1516; x_wconf 90' lang='lat' dir='ltr'>habens</span> <span class='ocrx_word' id='word_1_638' title='bbox 1742 1497 1842 1517; x_wconf 83' lang='lat' dir='ltr'>curam.</span> 
     </span>
     <span class='ocr_line' id='line_1_105' title="bbox 1126 1519 1460 1550; baseline 0.003 -1"><span class='ocrx_word' id='word_1_639' title='bbox 1126 1519 1297 1550; x_wconf 81' lang='lat' dir='ltr'>habitualem</span> <span class='ocrx_word' id='word_1_640' title='bbox 1311 1544 1317 1550; x_wconf 87' lang='lat'><strong><em>.</em></strong></span> <span class='ocrx_word' id='word_1_641' title='bbox 1336 1521 1438 1550; x_wconf 80' lang='lat' dir='ltr'>Ibidem</span> <span class='ocrx_word' id='word_1_642' title='bbox 1452 1543 1460 1550; x_wconf 86' lang='lat'><strong>.</strong></span> 
     </span>
    </p>

    <p class='ocr_par' dir='ltr' id='par_1_40' title="bbox 1123 1556 1837 1631">
     <span class='ocr_line' id='line_1_106' title="bbox 1160 1556 1837 1593; baseline 0.006 -9"><span class='ocrx_word' id='word_1_643' title='bbox 1160 1557 1261 1585; x_wconf 87' lang='lat' dir='ltr'>Limita</span> <span class='ocrx_word' id='word_1_644' title='bbox 1270 1579 1280 1590; x_wconf 91' lang='lat'>,</span> <span class='ocrx_word' id='word_1_645' title='bbox 1299 1556 1318 1585; x_wconf 83' lang='lat' dir='ltr'>fi</span> <span class='ocrx_word' id='word_1_646' title='bbox 1327 1556 1423 1586; x_wconf 88' lang='lat' dir='ltr'>favore</span> <span class='ocrx_word' id='word_1_647' title='bbox 1435 1556 1557 1593; x_wconf 85' lang='lat' dir='ltr'>Capituli</span> <span class='ocrx_word' id='word_1_648' title='bbox 1576 1567 1719 1588; x_wconf 86' lang='lat' dir='ltr'>concurrat</span> <span class='ocrx_word' id='word_1_649' title='bbox 1735 1560 1837 1588; x_wconf 86' lang='lat' dir='ltr'>iinme-</span> 
     </span>
     <span class='ocr_line' id='line_1_107' title="bbox 1123 1591 1836 1631; baseline 0.004 -11"><span class='ocrx_word' id='word_1_650' title='bbox 1123 1592 1268 1621; x_wconf 86' lang='lat' dir='ltr'>morabilis</span> <span class='ocrx_word' id='word_1_651' title='bbox 1290 1591 1460 1622; x_wconf 84' lang='lat' dir='ltr'>consuetudo</span> <span class='ocrx_word' id='word_1_652' title='bbox 1473 1617 1482 1628; x_wconf 86' lang='lat'><em>,</em></span> <span class='ocrx_word' id='word_1_653' title='bbox 1499 1595 1574 1628; x_wconf 90' lang='lat' dir='ltr'>cujus</span> <span class='ocrx_word' id='word_1_654' title='bbox 1594 1595 1691 1631; x_wconf 86' lang='lat' dir='ltr'>vigore</span> <span class='ocrx_word' id='word_1_655' title='bbox 1710 1593 1836 1629; x_wconf 80' lang='lat' dir='ltr'>praesumi</span> 
     </span>
    </p>
   </div>
   <div class='ocr_carea' id='block_1_16' title="bbox 1124 1626 1875 1666">
    <p class='ocr_par' dir='ltr' id='par_1_41' title="bbox 1124 1626 1875 1666">
     <span class='ocr_line' id='line_1_108' title="bbox 1124 1626 1875 1666; baseline 0.004 -10"><span class='ocrx_word' id='word_1_656' title='bbox 1124 1628 1198 1656; x_wconf 90' lang='lat' dir='ltr'>valet</span> <span class='ocrx_word' id='word_1_657' title='bbox 1208 1630 1343 1657; x_wconf 82' lang='lat' dir='ltr'>Funerum</span> <span class='ocrx_word' id='word_1_658' title='bbox 1353 1628 1543 1657; x_wconf 87' lang='lat' dir='ltr'>emolumenta</span> <span class='ocrx_word' id='word_1_659' title='bbox 1550 1626 1627 1658; x_wconf 82' lang='lat' dir='ltr'>fuiffe</span> <span class='ocrx_word' id='word_1_660' title='bbox 1635 1628 1783 1666; x_wconf 86' lang='lat' dir='ltr'>subrogata</span> <span class='ocrx_word' id='word_1_661' title='bbox 1793 1630 1838 1658; x_wconf 83' lang='lat' dir='ltr'>lo·</span> <span class='ocrx_word' id='word_1_662' title='bbox 1870 1634 1875 1637; x_wconf 87' lang='grc'><strong>“</strong></span> 
     </span>
    </p>
   </div>
   <div class='ocr_carea' id='block_1_17' title="bbox 1086 1663 1834 2756">
    <p class='ocr_par' dir='ltr' id='par_1_42' title="bbox 1122 1663 1720 1702">
     <span class='ocr_line' id='line_1_109' title="bbox 1122 1663 1720 1702; baseline 0.005 -11"><span class='ocrx_word' id='word_1_663' title='bbox 1122 1672 1157 1691; x_wconf 88' lang='lat' dir='ltr'>co</span> <span class='ocrx_word' id='word_1_664' title='bbox 1169 1663 1338 1693; x_wconf 90' lang='lat' dir='ltr'>decimarum</span> <span class='ocrx_word' id='word_1_665' title='bbox 1351 1685 1358 1690; x_wconf 92' lang='lat'><strong>.</strong></span> <span class='ocrx_word' id='word_1_666' title='bbox 1373 1675 1441 1702; x_wconf 67' lang='lat' dir='ltr'>pag.</span> <span class='ocrx_word' id='word_1_667' title='bbox 1453 1674 1496 1698; x_wconf 83' lang='lat'>90.</span> <span class='ocrx_word' id='word_1_668' title='bbox 1510 1665 1533 1696; x_wconf 90' lang='lat'>§.</span> <span class='ocrx_word' id='word_1_669' title='bbox 1550 1664 1700 1700; x_wconf 80' lang='lat' dir='ltr'>Capitulum</span> <span class='ocrx_word' id='word_1_670' title='bbox 1713 1689 1720 1694; x_wconf 93' lang='lat'><strong><em>.</em></strong></span> 
     </span>
    </p>

    <p class='ocr_par' dir='ltr' id='par_1_43' title="bbox 1120 1698 1834 1842">
     <span class='ocr_line' id='line_1_110' title="bbox 1158 1698 1831 1735; baseline 0.001 -7"><span class='ocrx_word' id='word_1_671' title='bbox 1158 1698 1208 1728; x_wconf 91' lang='lat' dir='ltr'>Vel</span> <span class='ocrx_word' id='word_1_672' title='bbox 1219 1698 1237 1727; x_wconf 94' lang='lat' dir='ltr'>si</span> <span class='ocrx_word' id='word_1_673' title='bbox 1249 1699 1407 1735; x_wconf 85' lang='lat' dir='ltr'>Capitulum</span> <span class='ocrx_word' id='word_1_674' title='bbox 1417 1700 1508 1727; x_wconf 63' lang='lat' dir='ltr'>funeri</span> <span class='ocrx_word' id='word_1_675' title='bbox 1516 1700 1700 1729; x_wconf 81' lang='lat' dir='ltr'>interveniens</span> <span class='ocrx_word' id='word_1_676' title='bbox 1713 1724 1721 1735; x_wconf 93' lang='lat'><em>‚</em></span> <span class='ocrx_word' id='word_1_677' title='bbox 1745 1711 1831 1735; x_wconf 86' lang='lat' dir='ltr'>quan-</span> 
     </span>
     <span class='ocr_line' id='line_1_111' title="bbox 1121 1733 1834 1770; baseline 0.003 -8"><span class='ocrx_word' id='word_1_678' title='bbox 1121 1733 1158 1762; x_wconf 89' lang='lat' dir='ltr'>do</span> <span class='ocrx_word' id='word_1_679' title='bbox 1167 1734 1202 1762; x_wconf 86' lang='lat' dir='ltr'>ab</span> <span class='ocrx_word' id='word_1_680' title='bbox 1215 1734 1378 1763; x_wconf 72' lang='lat' dir='ltr'>Haeredibus</span> <span class='ocrx_word' id='word_1_681' title='bbox 1391 1745 1447 1763; x_wconf 84' lang='lat' dir='ltr'>tion</span> <span class='ocrx_word' id='word_1_682' title='bbox 1459 1735 1591 1762; x_wconf 83' lang='lat' dir='ltr'>invitatur</span> <span class='ocrx_word' id='word_1_683' title='bbox 1604 1759 1614 1770; x_wconf 85' lang='lat'><strong><em>‚</em></strong></span> <span class='ocrx_word' id='word_1_684' title='bbox 1630 1736 1737 1764; x_wconf 88' lang='lat' dir='ltr'>nullum</span> <span class='ocrx_word' id='word_1_685' title='bbox 1747 1737 1834 1769; x_wconf 81' lang='lat' dir='ltr'>perci-</span> 
     </span>
     <span class='ocr_line' id='line_1_112' title="bbox 1120 1770 1833 1805; baseline 0.004 -9"><span class='ocrx_word' id='word_1_686' title='bbox 1120 1770 1176 1803; x_wconf 88' lang='lat' dir='ltr'>piat</span> <span class='ocrx_word' id='word_1_687' title='bbox 1186 1771 1405 1799; x_wconf 87' lang='lat' dir='ltr'>emolumentum</span> <span class='ocrx_word' id='word_1_688' title='bbox 1418 1795 1426 1805; x_wconf 88' lang='lat'><strong><em>‚</em></strong></span> <span class='ocrx_word' id='word_1_689' title='bbox 1435 1779 1530 1805; x_wconf 74' lang='lat' dir='ltr'>praeter</span> <span class='ocrx_word' id='word_1_690' title='bbox 1542 1771 1666 1800; x_wconf 86' lang='lat' dir='ltr'>candelas</span> <span class='ocrx_word' id='word_1_691' title='bbox 1675 1771 1710 1799; x_wconf 90' lang='lat' dir='ltr'>ad</span> <span class='ocrx_word' id='word_1_692' title='bbox 1718 1781 1833 1799; x_wconf 86' lang='lat' dir='ltr'>inanum</span> 
     </span>
     <span class='ocr_line' id='line_1_113' title="bbox 1123 1803 1675 1842; baseline 0.004 -10"><span class='ocrx_word' id='word_1_693' title='bbox 1123 1803 1281 1833; x_wconf 86' lang='lat' dir='ltr'>deferendas</span> <span class='ocrx_word' id='word_1_694' title='bbox 1294 1828 1301 1835; x_wconf 90' lang='lat'><strong>.</strong></span> <span class='ocrx_word' id='word_1_695' title='bbox 1317 1816 1381 1842; x_wconf 76' lang='lat' dir='ltr'>pag.</span> <span class='ocrx_word' id='word_1_696' title='bbox 1410 1807 1468 1837; x_wconf 53' lang='grc' dir='ltr'>αὴ.</span> <span class='ocrx_word' id='word_1_697' title='bbox 1481 1805 1608 1833; x_wconf 79' lang='lat' dir='ltr'>Eteoma</span> <span class='ocrx_word' id='word_1_698' title='bbox 1628 1808 1653 1834; x_wconf 83' lang='lat' dir='ltr'>is</span> <span class='ocrx_word' id='word_1_699' title='bbox 1669 1828 1675 1834; x_wconf 93' lang='lat'><strong><em>.</em></strong></span> 
     </span>
    </p>

    <p class='ocr_par' dir='ltr' id='par_1_44' title="bbox 1121 1817 1833 1939">
     <span class='ocr_line' id='line_1_114' title="bbox 1158 1817 1632 1869; baseline 0.002 -1"><span class='ocrx_word' id='word_1_700' title='bbox 1158 1840 1266 1869; x_wconf 89' lang='lat' dir='ltr'>Pondus</span> <span class='ocrx_word' id='word_1_701' title='bbox 1277 1851 1342 1869; x_wconf 78' lang='lat' dir='ltr'>cerae</span> <span class='ocrx_word' id='word_1_702' title='bbox 1353 1818 1542 1869; x_wconf 52' lang='lat' dir='ltr'>diffribuendae</span> <span class='ocrx_word' id='word_1_703' title='bbox 1563 1841 1592 1868; x_wconf 92' lang='lat' dir='ltr'>in</span> <span class='ocrx_word' id='word_1_704' title='bbox 1603 1817 1632 1869; x_wconf 60' lang='grc' dir='ltr'>ἕ]</span> 
     </span>
     <span class='ocr_line' id='line_1_115' title="bbox 1122 1873 1833 1914; baseline 0.003 -11"><span class='ocrx_word' id='word_1_705' title='bbox 1122 1873 1201 1904; x_wconf 74' lang='lat' dir='ltr'>litum</span> <span class='ocrx_word' id='word_1_706' title='bbox 1209 1874 1248 1904; x_wconf 91' lang='lat' dir='ltr'>est</span> <span class='ocrx_word' id='word_1_707' title='bbox 1259 1876 1377 1905; x_wconf 68' lang='lat' dir='ltr'>arbitrio</span> <span class='ocrx_word' id='word_1_708' title='bbox 1386 1876 1536 1905; x_wconf 78' lang='lat' dir='ltr'>Haeredum</span> <span class='ocrx_word' id='word_1_709' title='bbox 1549 1898 1554 1905; x_wconf 94' lang='lat'>.</span> <span class='ocrx_word' id='word_1_710' title='bbox 1570 1888 1665 1914; x_wconf 81' lang='lat' dir='ltr'>pagtn.</span> <span class='ocrx_word' id='word_1_711' title='bbox 1680 1889 1722 1912; x_wconf 80' lang='lat'>92.</span> <span class='ocrx_word' id='word_1_712' title='bbox 1736 1879 1760 1911; x_wconf 71' lang='lat'>§-</span> <span class='ocrx_word' id='word_1_713' title='bbox 1771 1876 1833 1905; x_wconf 82' lang='lat' dir='ltr'>De-</span> 
     </span>
     <span class='ocr_line' id='line_1_116' title="bbox 1121 1921 1209 1939; baseline 0.011 -1"><span class='ocrx_word' id='word_1_714' title='bbox 1121 1921 1191 1939; x_wconf 64' lang='lat' dir='ltr'>mum</span> <span class='ocrx_word' id='word_1_715' title='bbox 1203 1934 1209 1939; x_wconf 89' lang='lat'><em>.</em></span> 
     </span>
    </p>

    <p class='ocr_par' dir='ltr' id='par_1_45' title="bbox 1123 1945 1834 2055">
     <span class='ocr_line' id='line_1_117' title="bbox 1157 1945 1833 1985; baseline 0.003 -10"><span class='ocrx_word' id='word_1_716' title='bbox 1157 1947 1197 1975; x_wconf 84' lang='lat' dir='ltr'>Ex</span> <span class='ocrx_word' id='word_1_717' title='bbox 1209 1945 1349 1977; x_wconf 87' lang='lat' dir='ltr'>honestate</span> <span class='ocrx_word' id='word_1_718' title='bbox 1361 1958 1453 1977; x_wconf 85' lang='lat' dir='ltr'>tamen</span> <span class='ocrx_word' id='word_1_719' title='bbox 1463 1972 1471 1982; x_wconf 90' lang='lat'>,</span> <span class='ocrx_word' id='word_1_720' title='bbox 1490 1951 1516 1976; x_wconf 58' lang='grc' dir='ltr'>δε</span> <span class='ocrx_word' id='word_1_721' title='bbox 1528 1949 1706 1985; x_wconf 77' lang='lat' dir='ltr'>congruentia</span> <span class='ocrx_word' id='word_1_722' title='bbox 1718 1948 1833 1978; x_wconf 80' lang='lat' dir='ltr'>debetur</span> 
     </span>
     <span class='ocr_line' id='line_1_118' title="bbox 1124 1982 1834 2020; baseline 0.004 -10"><span class='ocrx_word' id='word_1_723' title='bbox 1124 1982 1280 2012; x_wconf 79' lang='lat' dir='ltr'>Canonicus</span> <span class='ocrx_word' id='word_1_724' title='bbox 1288 1983 1401 2012; x_wconf 76' lang='lat' dir='ltr'>candela</span> <span class='ocrx_word' id='word_1_725' title='bbox 1412 1994 1469 2011; x_wconf 89' lang='lat' dir='ltr'>non</span> <span class='ocrx_word' id='word_1_726' title='bbox 1479 1984 1591 2013; x_wconf 74' lang='lat' dir='ltr'>minoris</span> <span class='ocrx_word' id='word_1_727' title='bbox 1602 1984 1740 2020; x_wconf 85' lang='lat' dir='ltr'>ponderis,</span> <span class='ocrx_word' id='word_1_728' title='bbox 1749 1993 1834 2020; x_wconf 86' lang='lat' dir='ltr'>quam</span> 
     </span>
     <span class='ocr_line' id='line_1_119' title="bbox 1123 2016 1551 2055; baseline 0.002 -9"><span class='ocrx_word' id='word_1_729' title='bbox 1123 2016 1201 2046; x_wconf 86' lang='lat' dir='ltr'>detur</span> <span class='ocrx_word' id='word_1_730' title='bbox 1213 2019 1397 2055; x_wconf 76' lang='lat' dir='ltr'>Regnlaribus</span> <span class='ocrx_word' id='word_1_731' title='bbox 1408 2039 1414 2046; x_wconf 94' lang='lat'>.</span> <span class='ocrx_word' id='word_1_732' title='bbox 1433 2018 1534 2046; x_wconf 77' lang='lat' dir='ltr'>Ibidem</span> <span class='ocrx_word' id='word_1_733' title='bbox 1544 2041 1551 2048; x_wconf 90' lang='lat'><strong>.</strong></span> 
     </span>
    </p>

    <p class='ocr_par' dir='ltr' id='par_1_46' title="bbox 1086 2052 1832 2304">
     <span class='ocr_line' id='line_1_120' title="bbox 1086 2052 1832 2090; baseline 0.004 -11"><span class='ocrx_word' id='word_1_734' title='bbox 1086 2052 1235 2082; x_wconf 72' lang='lat' dir='ltr'>funeribus</span> <span class='ocrx_word' id='word_1_735' title='bbox 1257 2053 1367 2088; x_wconf 78' lang='lat' dir='ltr'>quando</span> <span class='ocrx_word' id='word_1_736' title='bbox 1379 2055 1528 2082; x_wconf 89' lang='lat' dir='ltr'>intervenit</span> <span class='ocrx_word' id='word_1_737' title='bbox 1549 2055 1706 2090; x_wconf 84' lang='lat' dir='ltr'>Capitulum</span> <span class='ocrx_word' id='word_1_738' title='bbox 1730 2053 1832 2084; x_wconf 84' lang='lat' dir='ltr'>Cathe-</span> 
     </span>
     <span class='ocr_line' id='line_1_121' title="bbox 1120 2087 1830 2125; baseline 0.004 -9"><span class='ocrx_word' id='word_1_739' title='bbox 1120 2087 1204 2117; x_wconf 85' lang='lat' dir='ltr'>dralis</span> <span class='ocrx_word' id='word_1_740' title='bbox 1216 2112 1223 2122; x_wconf 79' lang='grc'><em>,</em></span> <span class='ocrx_word' id='word_1_741' title='bbox 1242 2088 1373 2117; x_wconf 86' lang='lat' dir='ltr'>Proceffio</span> <span class='ocrx_word' id='word_1_742' title='bbox 1386 2088 1507 2117; x_wconf 86' lang='lat' dir='ltr'>fiinebris</span> <span class='ocrx_word' id='word_1_743' title='bbox 1518 2090 1673 2125; x_wconf 86' lang='lat' dir='ltr'>incipienda</span> <span class='ocrx_word' id='word_1_744' title='bbox 1683 2089 1722 2119; x_wconf 89' lang='lat' dir='ltr'>est</span> <span class='ocrx_word' id='word_1_745' title='bbox 1739 2089 1830 2119; x_wconf 81' lang='lat' dir='ltr'>abEc-</span> 
     </span>
     <span class='ocr_line' id='line_1_122' title="bbox 1120 2122 1724 2161; baseline 0.005 -10"><span class='ocrx_word' id='word_1_746' title='bbox 1120 2122 1198 2152; x_wconf 79' lang='lat' dir='ltr'>clesia</span> <span class='ocrx_word' id='word_1_747' title='bbox 1210 2122 1369 2152; x_wconf 84' lang='lat' dir='ltr'>Cathedrali</span> <span class='ocrx_word' id='word_1_748' title='bbox 1381 2147 1387 2152; x_wconf 86' lang='lat'>.</span> <span class='ocrx_word' id='word_1_749' title='bbox 1403 2136 1441 2161; x_wconf 81' lang='lat' dir='ltr'>pa</span> <span class='ocrx_word' id='word_1_750' title='bbox 1463 2145 1469 2151; x_wconf 88' lang='lat'>.</span> <span class='ocrx_word' id='word_1_751' title='bbox 1484 2136 1523 2158; x_wconf 80' lang='lat'>59.</span> <span class='ocrx_word' id='word_1_752' title='bbox 1536 2128 1558 2158; x_wconf 61' lang='grc' dir='ltr'>ς’.</span> <span class='ocrx_word' id='word_1_753' title='bbox 1572 2126 1609 2154; x_wconf 83' lang='grc' dir='ltr'>Ει</span> <span class='ocrx_word' id='word_1_754' title='bbox 1636 2136 1707 2154; x_wconf 68' lang='lat' dir='ltr'>raeter</span> <span class='ocrx_word' id='word_1_755' title='bbox 1717 2147 1724 2154; x_wconf 96' lang='lat'>.</span> 
     </span>
     <span class='ocr_line' id='line_1_123' title="bbox 1121 2159 1830 2222; baseline 0.004 -35"><span class='ocrx_word' id='word_1_756' title='bbox 1121 2192 1147 2222; x_wconf 55' lang='grc' dir='ltr'>ἃ</span> <span class='ocrx_word' id='word_1_757' title='bbox 1156 2160 1327 2222; x_wconf 50' lang='grc' dir='ltr'>ξῑὲγηοεὲιβ</span> <span class='ocrx_word' id='word_1_758' title='bbox 1338 2161 1433 2189; x_wconf 79' lang='lat' dir='ltr'>Dioece</span> <span class='ocrx_word' id='word_1_759' title='bbox 1448 2170 1500 2188; x_wconf 89' lang='lat' dir='ltr'>ana</span> <span class='ocrx_word' id='word_1_760' title='bbox 1510 2183 1519 2194; x_wconf 86' lang='lat'><strong>‚</strong></span> <span class='ocrx_word' id='word_1_761' title='bbox 1531 2171 1590 2189; x_wconf 88' lang='lat' dir='ltr'>ano</span> <span class='ocrx_word' id='word_1_762' title='bbox 1621 2162 1673 2190; x_wconf 85' lang='lat' dir='ltr'>ciat</span> <span class='ocrx_word' id='word_1_763' title='bbox 1685 2168 1694 2190; x_wconf 85' lang='lat'><strong>?</strong></span> <span class='ocrx_word' id='word_1_764' title='bbox 1711 2159 1810 2189; x_wconf 73' lang='lat' dir='ltr'>Ibdtm&#39;</span> <span class='ocrx_word' id='word_1_765' title='bbox 1816 2180 1830 2193; x_wconf 83' lang='lat'>,</span> 
     </span>
     <span class='ocr_line' id='line_1_124' title="bbox 1174 2205 1331 2223; baseline 0.006 -1"><span class='ocrx_word' id='word_1_766' title='bbox 1174 2217 1180 2222; x_wconf 95' lang='lat'>.</span> <span class='ocrx_word' id='word_1_767' title='bbox 1221 2205 1282 2223; x_wconf 79' lang='lat' dir='ltr'>aroc</span> <span class='ocrx_word' id='word_1_768' title='bbox 1292 2206 1311 2223; x_wconf 77' lang='grc' dir='ltr'>,ι</span> <span class='ocrx_word' id='word_1_769' title='bbox 1325 2219 1331 2223; x_wconf 89' lang='grc'>.</span> 
     </span>
     <span class='ocr_line' id='line_1_125' title="bbox 1140 2199 1823 2269; baseline -0.003 -11"><span class='ocrx_word' id='word_1_770' title='bbox 1140 2199 1214 2269; x_wconf 49' lang='lat' dir='ltr'>¹{lec</span> <span class='ocrx_word' id='word_1_771' title='bbox 1226 2228 1264 2269; x_wconf 75' lang='lat' dir='ltr'>est</span> <span class='ocrx_word' id='word_1_772' title='bbox 1277 2228 1409 2259; x_wconf 51' lang='lat' dir='ltr'>,remanda</span> <span class='ocrx_word' id='word_1_773' title='bbox 1420 2229 1588 2260; x_wconf 86' lang='lat' dir='ltr'>consuetudo</span> <span class='ocrx_word' id='word_1_774' title='bbox 1600 2227 1780 2261; x_wconf 82' lang='lat' dir='ltr'>conveniendi</span> <span class='ocrx_word' id='word_1_775' title='bbox 1793 2228 1823 2257; x_wconf 87' lang='lat' dir='ltr'>in</span> 
     </span>
     <span class='ocr_line' id='line_1_126' title="bbox 1116 2265 1774 2304; baseline 0.006 -11"><span class='ocrx_word' id='word_1_776' title='bbox 1116 2274 1164 2293; x_wconf 83' lang='lat' dir='ltr'>via</span> <span class='ocrx_word' id='word_1_777' title='bbox 1177 2287 1183 2293; x_wconf 92' lang='lat'><strong>.</strong></span> <span class='ocrx_word' id='word_1_778' title='bbox 1204 2265 1305 2293; x_wconf 73' lang='lat' dir='ltr'>Ibidem</span> <span class='ocrx_word' id='word_1_779' title='bbox 1317 2288 1324 2294; x_wconf 92' lang='lat'><strong>.</strong></span> <span class='ocrx_word' id='word_1_780' title='bbox 1769 2299 1774 2304; x_wconf 66' lang='grc'><em>,</em></span> 
     </span>
    </p>

    <p class='ocr_par' dir='ltr' id='par_1_47' title="bbox 1116 2300 1826 2410">
     <span class='ocr_line' id='line_1_127' title="bbox 1153 2300 1826 2337; baseline -0.001 -9"><span class='ocrx_word' id='word_1_781' title='bbox 1153 2301 1227 2329; x_wconf 85' lang='lat' dir='ltr'>Licet</span> <span class='ocrx_word' id='word_1_782' title='bbox 1239 2300 1407 2330; x_wconf 79' lang='lat' dir='ltr'>consuetudo</span> <span class='ocrx_word' id='word_1_783' title='bbox 1418 2301 1508 2336; x_wconf 84' lang='lat' dir='ltr'>quoad</span> <span class='ocrx_word' id='word_1_784' title='bbox 1516 2302 1698 2337; x_wconf 63' lang='lat' dir='ltr'>aiiquosaetus</span> <span class='ocrx_word' id='word_1_785' title='bbox 1707 2307 1826 2335; x_wconf 83' lang='lat' dir='ltr'>particu-</span> 
     </span>
     <span class='ocr_line' id='line_1_128' title="bbox 1116 2333 1825 2371; baseline -0.001 -8"><span class='ocrx_word' id='word_1_786' title='bbox 1116 2334 1184 2364; x_wconf 84' lang='lat' dir='ltr'>lares</span> <span class='ocrx_word' id='word_1_787' title='bbox 1197 2335 1315 2364; x_wconf 83' lang='lat' dir='ltr'>tribuere</span> <span class='ocrx_word' id='word_1_788' title='bbox 1327 2337 1418 2365; x_wconf 80' lang='lat' dir='ltr'>valeat</span> <span class='ocrx_word' id='word_1_789' title='bbox 1428 2337 1633 2371; x_wconf 83' lang='lat' dir='ltr'>praecedentiam</span> <span class='ocrx_word' id='word_1_790' title='bbox 1644 2333 1825 2364; x_wconf 81' lang='lat' dir='ltr'>Inferioribus</span> 
     </span>
     <span class='ocr_line' id='line_1_129' title="bbox 1116 2369 1682 2410; baseline 0.002 -12"><span class='ocrx_word' id='word_1_791' title='bbox 1116 2369 1196 2405; x_wconf 90' lang='lat' dir='ltr'>supra</span> <span class='ocrx_word' id='word_1_792' title='bbox 1208 2372 1357 2407; x_wconf 79' lang='lat' dir='ltr'>Digniores</span> <span class='ocrx_word' id='word_1_793' title='bbox 1370 2394 1377 2399; x_wconf 93' lang='lat'><em>.</em></span> <span class='ocrx_word' id='word_1_794' title='bbox 1392 2383 1503 2410; x_wconf 76' lang='lat' dir='ltr'>pag-59·</span> <span class='ocrx_word' id='word_1_795' title='bbox 1518 2371 1665 2404; x_wconf 83' lang='lat' dir='ltr'>§.Paroclti</span> <span class='ocrx_word' id='word_1_796' title='bbox 1674 2392 1682 2399; x_wconf 89' lang='lat'><strong>.</strong></span> 
     </span>
    </p>

    <p class='ocr_par' dir='ltr' id='par_1_48' title="bbox 1113 2402 1823 2470">
     <span class='ocr_line' id='line_1_130' title="bbox 1150 2402 1823 2442; baseline 0 -8"><span class='ocrx_word' id='word_1_797' title='bbox 1150 2407 1184 2434; x_wconf 86' lang='lat' dir='ltr'>Et</span> <span class='ocrx_word' id='word_1_798' title='bbox 1196 2407 1364 2436; x_wconf 83' lang='lat' dir='ltr'>consuetudo</span> <span class='ocrx_word' id='word_1_799' title='bbox 1375 2408 1562 2442; x_wconf 75' lang='lat' dir='ltr'>interpretatur</span> <span class='ocrx_word' id='word_1_800' title='bbox 1571 2404 1772 2435; x_wconf 81' lang='lat' dir='ltr'>constitutiones</span> <span class='ocrx_word' id='word_1_801' title='bbox 1780 2402 1823 2439; x_wconf 77' lang='lat' dir='ltr'>sy-</span> 
     </span>
     <span class='ocr_line' id='line_1_131' title="bbox 1113 2441 1491 2470; baseline 0 0"><span class='ocrx_word' id='word_1_802' title='bbox 1113 2441 1225 2470; x_wconf 85' lang='lat' dir='ltr'>nodales</span> <span class='ocrx_word' id='word_1_803' title='bbox 1237 2441 1332 2470; x_wconf 81' lang='lat' dir='ltr'>dubias</span> <span class='ocrx_word' id='word_1_804' title='bbox 1343 2463 1350 2469; x_wconf 84' lang='lat'>.</span> <span class='ocrx_word' id='word_1_805' title='bbox 1370 2442 1470 2470; x_wconf 82' lang='lat' dir='ltr'>Ibidem</span> <span class='ocrx_word' id='word_1_806' title='bbox 1485 2464 1491 2470; x_wconf 92' lang='lat'><strong><em>.</em></strong></span> 
     </span>
    </p>

    <p class='ocr_par' dir='ltr' id='par_1_49' title="bbox 1113 2474 1822 2574">
     <span class='ocr_line' id='line_1_132' title="bbox 1148 2474 1822 2514; baseline -0.001 -10"><span class='ocrx_word' id='word_1_807' title='bbox 1148 2476 1307 2512; x_wconf 80' lang='lat' dir='ltr'>Antiphona</span> <span class='ocrx_word' id='word_1_808' title='bbox 1317 2487 1418 2505; x_wconf 82' lang='lat' dir='ltr'>aurem:</span> <span class='ocrx_word' id='word_1_809' title='bbox 1427 2475 1588 2505; x_wconf 81' lang='lat' dir='ltr'>Exultabunt</span> <span class='ocrx_word' id='word_1_810' title='bbox 1598 2474 1721 2514; x_wconf 65' lang='lat' dir='ltr'>Domino</span> <span class='ocrx_word' id='word_1_811' title='bbox 1733 2487 1743 2503; x_wconf 87' lang='lat'>.·</span> <span class='ocrx_word' id='word_1_812' title='bbox 1755 2475 1822 2504; x_wconf 84' lang='lat' dir='ltr'>dum</span> 
     </span>
     <span class='ocr_line' id='line_1_133' title="bbox 1113 2510 1819 2574; baseline -0.003 -34"><span class='ocrx_word' id='word_1_813' title='bbox 1113 2511 1240 2574; x_wconf 47' lang='lat' dir='ltr'>{badaver</span> <span class='ocrx_word' id='word_1_814' title='bbox 1251 2524 1264 2541; x_wconf 88' lang='lat' dir='ltr'>e</span> <span class='ocrx_word' id='word_1_815' title='bbox 1274 2513 1360 2541; x_wconf 88' lang='lat' dir='ltr'>domo</span> <span class='ocrx_word' id='word_1_816' title='bbox 1370 2511 1481 2540; x_wconf 74' lang='lat' dir='ltr'>affertur</span> <span class='ocrx_word' id='word_1_817' title='bbox 1490 2535 1499 2545; x_wconf 93' lang='lat'><em>,</em></span> <span class='ocrx_word' id='word_1_818' title='bbox 1512 2521 1528 2539; x_wconf 86' lang='lat' dir='ltr'>a</span> <span class='ocrx_word' id='word_1_819' title='bbox 1539 2521 1594 2545; x_wconf 85' lang='lat' dir='ltr'>quo</span> <span class='ocrx_word' id='word_1_820' title='bbox 1606 2514 1637 2539; x_wconf 78' lang='lat' dir='ltr'>lit</span> <span class='ocrx_word' id='word_1_821' title='bbox 1648 2510 1797 2539; x_wconf 87' lang='lat' dir='ltr'>intonanda</span> <span class='ocrx_word' id='word_1_822' title='bbox 1808 2516 1819 2538; x_wconf 72' lang='grc' dir='ltr'>Ξ</span> 
     </span>
    </p>

    <p class='ocr_par' dir='ltr' id='par_1_50' title="bbox 1147 2548 1229 2577">
     <span class='ocr_line' id='line_1_134' title="bbox 1147 2548 1229 2577; baseline 0.037 -3"><span class='ocrx_word' id='word_1_823' title='bbox 1147 2548 1229 2577; x_wconf 80' lang='lat' dir='ltr'>idem.</span> 
     </span>
    </p>

    <p class='ocr_par' dir='ltr' id='par_1_51' title="bbox 1111 2579 1819 2686">
     <span class='ocr_line' id='line_1_135' title="bbox 1148 2579 1819 2611; baseline -0.004 0"><span class='ocrx_word' id='word_1_824' title='bbox 1148 2584 1183 2610; x_wconf 83' lang='lat' dir='ltr'>Et</span> <span class='ocrx_word' id='word_1_825' title='bbox 1194 2581 1386 2611; x_wconf 79' lang='lat' dir='ltr'>cathedralem</span> <span class='ocrx_word' id='word_1_826' title='bbox 1397 2583 1425 2610; x_wconf 84' lang='lat' dir='ltr'>in</span> <span class='ocrx_word' id='word_1_827' title='bbox 1438 2579 1610 2609; x_wconf 77' lang='lat' dir='ltr'>affociatione</span> <span class='ocrx_word' id='word_1_828' title='bbox 1621 2580 1767 2609; x_wconf 79' lang='lat' dir='ltr'>Cadaveris</span> <span class='ocrx_word' id='word_1_829' title='bbox 1777 2581 1819 2608; x_wconf 87' lang='lat' dir='ltr'>in-</span> 
     </span>
     <span class='ocr_line' id='line_1_136' title="bbox 1111 2615 1817 2686; baseline -0.001 -41"><span class='ocrx_word' id='word_1_830' title='bbox 1111 2617 1190 2680; x_wconf 65' lang='lat' dir='ltr'>glredi</span> <span class='ocrx_word' id='word_1_831' title='bbox 1203 2629 1259 2647; x_wconf 87' lang='lat' dir='ltr'>non</span> <span class='ocrx_word' id='word_1_832' title='bbox 1276 2619 1343 2679; x_wconf 45' lang='lat' dir='ltr'>lice‘t5</span> <span class='ocrx_word' id='word_1_833' title='bbox 1350 2615 1470 2683; x_wconf 57' lang='grc' dir='ltr'><strong>Ρεζοῖὴο</strong></span> <span class='ocrx_word' id='word_1_834' title='bbox 1487 2626 1553 2686; x_wconf 57' lang='grc' dir='ltr'>ῗῐῃ</span> <span class='ocrx_word' id='word_1_835' title='bbox 1566 2617 1639 2645; x_wconf 77' lang='lat' dir='ltr'>Stola</span> <span class='ocrx_word' id='word_1_836' title='bbox 1650 2639 1659 2649; x_wconf 92' lang='lat'>,</span> <span class='ocrx_word' id='word_1_837' title='bbox 1679 2621 1706 2645; x_wconf 72' lang='grc' dir='ltr'>δε</span> <span class='ocrx_word' id='word_1_838' title='bbox 1729 2619 1817 2645; x_wconf 87' lang='lat' dir='ltr'>Crucc</span> 
     </span>
     <span class='ocr_line' id='line_1_137' title="bbox 1112 2661 1577 2681; baseline -0.006 0"><span class='ocrx_word' id='word_1_839' title='bbox 1112 2662 1236 2681; x_wconf 61' lang='lat' dir='ltr'>eei-ata.</span> <span class='ocrx_word' id='word_1_840' title='bbox 1273 2665 1290 2681; x_wconf 85' lang='lat' dir='ltr'><em>a</em></span> <span class='ocrx_word' id='word_1_841' title='bbox 1310 2675 1316 2680; x_wconf 95' lang='lat'>.</span> <span class='ocrx_word' id='word_1_842' title='bbox 1345 2662 1403 2680; x_wconf 84' lang='lat'>0..</span> <span class='ocrx_word' id='word_1_843' title='bbox 1433 2662 1450 2678; x_wconf 85' lang='lat' dir='ltr'>n</span> <span class='ocrx_word' id='word_1_844' title='bbox 1481 2661 1494 2678; x_wconf 83' lang='grc' dir='ltr'><strong><em>ε</em></strong></span> <span class='ocrx_word' id='word_1_845' title='bbox 1513 2662 1577 2679; x_wconf 84' lang='lat' dir='ltr'>um.</span> 
     </span>
    </p>

    <p class='ocr_par' dir='ltr' id='par_1_52' title="bbox 1107 2662 1816 2756">
     <span class='ocr_line' id='line_1_138' title="bbox 1146 2662 1816 2725; baseline -0.001 -10"><span class='ocrx_word' id='word_1_846' title='bbox 1146 2690 1185 2715; x_wconf 83' lang='lat' dir='ltr'>Ac</span> <span class='ocrx_word' id='word_1_847' title='bbox 1195 2665 1272 2716; x_wconf 52' lang='lat' dir='ltr'>lice?</span> <span class='ocrx_word' id='word_1_848' title='bbox 1278 2664 1398 2716; x_wconf 47' lang='lat' dir='ltr'>Phili-ocho</span> <span class='ocrx_word' id='word_1_849' title='bbox 1412 2662 1553 2714; x_wconf 54' lang='lat' dir='ltr'>Cagd&#39;avera</span> <span class='ocrx_word' id='word_1_850' title='bbox 1575 2685 1664 2716; x_wconf 83' lang='lat' dir='ltr'>solum</span> <span class='ocrx_word' id='word_1_851' title='bbox 1687 2687 1816 2725; x_wconf 71' lang='lat' dir='ltr'>associare</span> 
     </span>
     <span class='ocr_line' id='line_1_139' title="bbox 1107 2720 1815 2756; baseline 0 -7"><span class='ocrx_word' id='word_1_852' title='bbox 1107 2721 1190 2756; x_wconf 89' lang='lat' dir='ltr'>usque</span> <span class='ocrx_word' id='word_1_853' title='bbox 1198 2723 1231 2751; x_wconf 88' lang='lat' dir='ltr'>ad</span> <span class='ocrx_word' id='word_1_854' title='bbox 1241 2725 1357 2752; x_wconf 85' lang='lat' dir='ltr'>Januam</span> <span class='ocrx_word' id='word_1_855' title='bbox 1370 2720 1487 2750; x_wconf 75' lang='lat' dir='ltr'>Ecclcfiae</span> <span class='ocrx_word' id='word_1_856' title='bbox 1497 2720 1666 2752; x_wconf 68' lang='lat' dir='ltr'>Cathedralis</span> <span class='ocrx_word' id='word_1_857' title='bbox 1674 2724 1815 2752; x_wconf 82' lang='lat' dir='ltr'>exclulive.</span> 
     </span>
    </p>
   </div>
   <div class='ocr_carea' id='block_1_18' title="bbox 1106 2756 1815 2821">
    <p class='ocr_par' dir='ltr' id='par_1_53' title="bbox 1106 2756 1815 2821">
     <span class='ocr_line' id='line_1_140' title="bbox 1106 2756 1229 2786; baseline 0.008 -1"><span class='ocrx_word' id='word_1_858' title='bbox 1106 2756 1206 2786; x_wconf 72' lang='lat' dir='ltr'>Ibidem</span> <span class='ocrx_word' id='word_1_859' title='bbox 1219 2779 1229 2786; x_wconf 42' lang='lat' dir='ltr'><em>r</em></span> 
     </span>
     <span class='ocr_line' id='line_1_141' title="bbox 1773 2794 1815 2821; baseline 0 0"><span class='ocrx_word' id='word_1_860' title='bbox 1773 2794 1815 2821; x_wconf 82' lang='lat' dir='ltr'>Ari</span> 
     </span>
    </p>
   </div>
   <div class='ocr_carea' id='block_1_19' title="bbox 1633 1841 1874 1875">
    <p class='ocr_par' dir='ltr' id='par_1_54' title="bbox 1633 1841 1874 1875">
     <span class='ocr_line' id='line_1_142' title="bbox 1633 1841 1874 1875; baseline 0 -5"><span class='ocrx_word' id='word_1_861' title='bbox 1633 1841 1743 1870; x_wconf 81' lang='lat' dir='ltr'>neribus</span> <span class='ocrx_word' id='word_1_862' title='bbox 1755 1852 1835 1875; x_wconf 87' lang='lat' dir='ltr'>repo-</span> <span class='ocrx_word' id='word_1_863' title='bbox 1868 1847 1874 1850; x_wconf 87' lang='lat'>&#39;</span> 
     </span>
    </p>
   </div>
   <div class='ocr_carea' id='block_1_20' title="bbox 1922 2561 1934 2954">
    <p class='ocr_par' dir='ltr' id='par_1_55' title="bbox 1922 2561 1934 2954">
     <span class='ocr_line' id='line_1_143' title="bbox 1922 2561 1934 2954; baseline 0 -196"><span class='ocrx_word' id='word_1_864' title='bbox 1922 2561 1934 2954; x_wconf 50' lang='grc' dir='ltr'><em>ἐ</em></span> 
     </span>
    </p>
   </div>
  </div>
 </body>
</html>
