1934 2954
514 193 534 222 '1
551 197 596 232 14

511 236 663 286 quendi
691 237 791 277 Ritu
816 239 960 277 Graeco
992 237 1032 276 in
1049 237 1228 277 Ecclesia
1258 239 1296 277 S.
1319 238 1529 279 Athanafii
1555 241 1818 290 Sepulturam
1836 270 1849 289 ‚

511 289 701 341 quodque
720 291 817 330 illos
835 289 1020 341 cogendo
1048 291 1096 329 ad
1121 290 1402 340 assequendam
1421 292 1683 342 Sepulturam
1714 296 1755 334 in
1772 297 1850 336 Ec-

508 342 642 381 clefiis
672 344 836 383 Latinis
853 370 866 388 ,
896 342 956 382 rei
973 343 1135 382 novitas
1156 344 1318 382 Graecos
1334 345 1496 384 suorum
1531 346 1701 386 Rituum
1731 357 1851 389 tena-

509 394 690 435 ciffimos
720 408 799 435 nou
819 408 961 446 parum
980 405 1194 435 averteret
1223 397 1270 435 ab
1285 397 1480 449 obsequio
1499 398 1688 441 Romanae
1703 401 1853 441 Eccle-

510 446 571 484 siae
598 448 741 488 debito
760 479 769 488 .

560 499 883 541 Decernendum
903 502 1043 551 itaque
1060 501 1141 540 erit
1172 503 1220 540 ab
1244 502 1323 541 EE.
1341 503 1436 542 VV.

455 550 525 591 At}
530 552 667 599 favore
683 558 778 593 Veri.
800 552 966 602 Ecclefiae
979 556 1230 605 &Athanasti
1248 556 1399 604 Collegit*
1415 559 1625 596 Graecorum
1640 560 1746 596 vrbis
1765 573 1848 596 con-

553 605 807 656 sulendumfit
835 608 1053 654 Suasffi'iffimo
1079 617 1141 656 pro
1151 612 1284 656 gratia
1309 611 1521 657 conceffiom‘s
1545 610 1645 662 juris
1665 611 1847 659 sepelien-

560 659 615 704 di,
632 662 951 709 atquefhnerandi
969 662 1161 698 Cadavera
1174 664 1383 700 Graecorum
1398 665 1630 700 etiamrextra
1647 663 1845 712 Collegium

564 715 602 750 in
623 716 719 752 ‘Urbe
736 715 991 752 decedentum
1009 737 1021 757 ‚
1040 717 1077 750 in
1094 714 1178 763 casu
1195 716 1271 757 :ij-c,
1362 718 1367 723 '

139 915 308 962 Sess·2²-
336 925 411 966 Cap·
484 926 526 951 ’Ἰ
548 926 873 969 AMERINEN.
908 926 1147 967 SUBSIDII
1178 926 1434 967 DOTALIS
1450 957 1458 966 .
1515 925 1714 970 Barnabas
1730 925 1848 965 Beni-

114 975 148 1009 8·
167 973 212 1007 de
225 967 348 1013 Κεῖον·
561 980 627 1028 gni
655 992 762 1018 anno
784 986 897 1019 1610.
915 1006 927 1025 ,
959 981 1144 1019 instituta
1160 979 1212 1019 de
1228 979 1308 1019 suis
1323 981 1440 1019 bonis
1474 979 1842 1028 Pi·imogenitura.›

496 1031 637 1071 favore
657 1032 771 1071 Petri
789 1033 908 1071 Pauli
938 1032 1087 1070 Fratris
1116 1032 1202 1076 sui,
1232 1032 1424 1082 illiusque
1454 1031 1814 1073 Descendeutium
1828 1054 1842 1074 ‚

499 1096 624 1122 unum
643 1084 815 1132 reliquit
830 1083 1054 1122 Subfidium
1070 1084 1224 1123 Dotale
1242 1085 1452 1123 scutorum
1471 1097 1533 1127 25.
1567 1084 1755 1133 quolibet
1772 1096 1844 1122 an-

496 1149 550 1174 no
567 1136 830 1184 praestandum
844 1135 1002 1174 Puellis
1015 1161 1028 1180 ,
1058 1136 1126 1174 seu
1143 1135 1290 1175 Viduis
1309 1137 1496 1175 habitum
1512 1136 1756 1184 suscepturis
1778 1136 1842 1175 in-

497 1197 561 1226 ter
577 1187 787 1230 Moniales
802 1197 1056 1236 nuncupatas
1075 1189 1175 1235 fatte
1185 1191 1223 1225 in
1239 1189 1331 1237 Casa
1346 1219 1355 1227 .
1390 1189 1580 1227 Solutum
1598 1188 1841 1239 aliquandiu

494 1239 576 1278 fuit
607 1240 764 1279 dietum
796 1241 1022 1281 Subsidium
1037 1239 1192 1279 PueHis
1208 1240 1500 1281 monachandis
1532 1241 1572 1280 in
1588 1240 1840 1282 Monasterio

498 1293 650 1330 Santstae
663 1293 895 1332 Catharinae
913 1292 962 1331 de
980 1292 1095 1331 Senis
1113 1293 1325 1333 Camerini
1340 1308 1355 1334 2·
1385 1295 1422 1334 Sc
1438 1296 1562 1344 quiim
1583 1289 1724 1331 cessari
1742 1305 1840 1342 prae-

495 1346 740 1384 tenderetur
760 1357 781 1383 a
798 1345 1004 1383 solutione
1023 1346 1073 1383 ob
1085 1344 1270 1384 assertam
1284 1346 1523 1385 Monasterii
1538 1346 1839 1391 diversitatem,

495 1409 599 1435 anno
618 1412 631 1434 1
642 1411 661 1443 7
672 1409 806 1446 13.per
820 1397 1068 1436 sententiam
1083 1396 1215 1436 Curiae
1232 1398 1481 1447 Episcopalis
1495 1398 1753 1438 declaratum
1767 1399 1838 1442 est,

495 1460 622 1488 unum
639 1449 832 1500 idemque
849 1448 927 1489 esse
943 1449 1237 1489 Monasterium
1254 1451 1323 1489 sub
1339 1460 1512 1500 utraque
1528 1450 1839 1490 denominatio-

494 1514 561 1544 ne,
578 1503 614 1541 Sc
633 1502 859 1540 Subsidium
875 1502 1013 1540 deberi
1033 1502 1188 1542 Puellis
1209 1503 1248 1541 in
1265 1517 1313 1543 eo
1328 1503 1642 1547 monachandis,
1660 1502 1723 1541 uti
1739 1514 1838 1540 con-

493 1555 707 1602 tempiatis
725 1568 747 1593 a
763 1554 991 1594 Testatore:
1005 1556 1042 1594 &c
1061 1555 1100 1594 id
1117 1556 1248 1604 ipsum
1263 1557 1396 1595 rursus
1411 1555 1627 1594 definitum
1648 1556 1700 1594 est
1717 1567 1739 1593 a
1752 1554 1837 1593 Cu—

490 1607 548 1645 ria
566 1607 797 1656 Episcopali
812 1620 916 1646 anno
940 1621 1052 1654 1730·
1068 1617 1211 1647 contra
1226 1610 1408 1648 alterum
1424 1608 1755 1657 Primogenitum
1771 1619 1837 1646 re-

492 1661 705 1699 cusantem
722 1661 881 1699 solvere
899 1660 1054 1700 dietum
1076 1661 1302 1700 Subsidium
1319 1693 1327 1702 .

438 1711 620 1752 Eandem
639 1714 962 1752 controversiam
995 1714 1130 1752 denuo
1150 1714 1388 1753 instauravit
1421 1713 1625 1762 Olympia
1643 1711 1788 1751 Foschi
1817 1736 1833 1756 ,

487 1765 563 1813 qua
579 1763 718 1804 Mater
736 1791 748 1809 ‚
767 1767 804 1804 Sc
824 1764 971 1804 Tut1·ix
988 1766 1122 1815 Jacobi
1140 1767 1189 1805 de
1213 1766 1419 1816 Benignis,
1440 1777 1483 1805 ut
1504 1775 1704 1814 praetextu
1722 1764 1833 1803 fimi·-

484 1817 586 1856 liter
603 1817 856 1856 diverfitatis
886 1817 1121 1857 Monasterii
1137 1819 1175 1858 se
1190 1843 1202 1862 ‚
1234 1820 1433 1869 suumque
1453 1818 1606 1856 Filium
1628 1824 1835 1857 eximeret

483 1881 504 1906 a
520 1870 774 1918 praestatione
805 1869 904 1908 disti
937 1870 1107 1909 Subfidii
1123 1884 1138 1911 3
1166 1871 1234 1910 sed
1251 1872 1388 1911 delata
1407 1870 1538 1909 Causa
1569 1870 1618 1908 ad
1636 1872 1737 1909 hanc
1754 1870 1827 1908 Sa-

481 1933 592 1960 cram
609 1922 986 1971 Congregationem
1005 1947 1017 1967 ,
1049 1925 1088 1965 &
1107 1925 1317 1972 propositis
1350 1924 1417 1962 die
1437 1938 1495 1969 19.
1521 1922 1681 1970 Aprilis
1713 1927 1827 1968 1738.

482 1973 638 2011 duobus
654 1974 802 2013 Dubiis
820 1998 832 2018 ‚
860 1988 945 2026 quae
963 1984 1084 2015 erant
1110 1993 1136 2012 =
1166 1979 1194 2015 I.
1225 1977 1298 2014 An
1307 1978 1356 2026 fit
1372 1977 1466 2013 locus
1483 1977 1702 2024 affignationi
1717 1979 1830 2012 annui

481 2027 643 2075 Subfidii
661 2027 1007 2075 Dotalisscutorum
1024 2041 1084 2072 25.
1104 2030 1239 2076 favore
1277 2028 1494 2069 Puellarum
1516 2029 1828 2077 flascipientium...

480 2080 646 2116 habitum
663 2078 921 2117 Monachalem
934 2083 972 2117 in
986 2084 1034 2121 V
1028 2083 1394 2132 enerah.Monasterio
1406 2085 1446 2119 S.
1461 2083 1673 2119 Catharmae
1685 2083 1718 2117 S
1721 2094 1826 2117 enen·-

469 2132 518 2180 fis
539 2132 715 2169 Civitatis
735 2134 919 2170 Camerini
938 2159 950 2177 ,
983 2134 1196 2181 adformara
1216 2136 1434 2183 Testamenti
1449 2136 1628 2184 quondam
1643 2134 1825 2171 Barnaba-

477 2184 523 2220 a'e
537 2185 709 2231 Benignis
725 2183 745 2220 ,Ρ
773 2186 820 2224 ΙΙ.
835 2185 962 2235 Anstt
976 2186 1070 2224 locus
1085 2189 1302 2235 affignationi
1314 2185 1475 2236 ejasdem
1491 2187 1652 2235 Substdii
1671 2185 1823 2222 Dotalis

470 2236 604 2282 favore
623 2236 765 2274 Puellae
780 2238 986 2286 Caſj‘andrae
1001 2240 1196 2287 Maffei‚in
1214 2241 1296 2289 casa
1314 2242 1437 2285 ξφα-ὲ,
1454 2238 1685 2288 responsum
1701 2234 1818 2276 fuit:

478 2287 722 2336 Affirmative
738 2291 787 2325 ad
802 2300 995 2341 utrumque
1010 2316 1023 2334 ,
1043 2295 1085 2335 &¹
1101 2294 1253 2342 amplius
1266 2309 1294 2331 :-

424 2339 548 2389 Qiod
566 2349 709 2379 autem
724 2341 911 2381 obtinere
924 2355 1002 2381 non
1019 2345 1156 2392 potuit
1171 2356 1218 2383 ex
1234 2346 1413 2394 allegata
1429 2341 1662 2382 Monasterii
1685 2341 1820 2381 diver-

474 2393 594 2431 fitate
609 2417 622 2436 ‚
655 2394 695 2432 id
708 2393 978 2434 nihilominus
993 2397 1186 2446 consequi
1200 2397 1421 2437 arbitratus
1443 2398 1501 2441 estj
1519 2393 1629 2433 idem
1645 2393 1814 2443 Jacobus

474 2445 648 2494 Benigni
677 2447 728 2485 ob
743 2445 1025 2487 deficientiam
1040 2449 1246 2491 Bonorum
1263 2449 1322 2498 pii
1341 2446 1563 2488 Testatoris
1578 2460 1593 2486 ,·
1625 2446 1716 2496 quia
1732 2447 1814 2494 post

476 2497 589 2536 illius
625 2499 785 2537 obitum
816 2511 921 2539 anno
954 2506 1023 2539 161
1035 2517 1066 2541 1.
1099 2502 1306 2541 sententia
1334 2502 1419 2539 lata
1450 2501 1500 2537 est
1527 2499 1566 2536 in
1597 2497 1814 2537 Tribunali

477 2549 524 2586 R.
543 2549 584 2588 P.
604 2550 656 2590 D.
676 2550 937 2592 Thesaurarii
956 2579 969 2598 ‚
995 2568 1072 2604 qua
1087 2555 1195 2594 Bona
1209 2555 1390 2600 ejusdem
1402 2552 1587 2590 Barnabae
1608 2551 1648 2589 in
1667 2550 1778 2590 Urbe
1793 2577 1809 2596 ‚

477 2601 515 2638 δε
532 2600 722 2656 Distristu
737 2605 864 2653 pofita
891 2605 1387 2655 adj11dicantur1Camerae
1405 2603 1648 2652 Apostolicae
1679 2602 1811 2642 titulo

479 2652 753 2711 Spolii‚·cum
768 2658 1047 2699 reservatione
1074 2660 1228 2706 jurium
1255 2657 1386 2709 quoad
1415 2656 1495 2695 alia
1513 2669 1806 2707 quaecumque-2

476 2704 578 2741 bona
593 2707 804 2746 existentia
831 2710 871 2747 in
885 2711 1070 2751 Civitate
1086 2737 1099 2757 ‚
1129 2714 1166 2752 &
1184 2711 1361 2751 Dioecefi
1386 2708 1593 2748 Camerini
1612 2722 1620 2746 :
1651 2711 1689 2749 Sc
1718 2710 1818 2754 jura>

476 2755 658 2797 Camerae
677 2757 743 2799 die
765 2773 827 2807 27.
843 2760 951 2810 Junii
973 2769 1087 2804 1612.
1116 2762 1220 2804 cessa
1251 2759 1419 2803 fuerunt
1446 2762 1570 2802 Petro
1585 2761 1712 2802 Paulo
1731 2761 1808 2818 Be·-

1745 2825 1806 2851 ni-
