1934 2954
1359 133 1386 158 -ι
1397 133 1412 158 1

98 168 193 212 sarii
221 163 400 212 ejusdem
417 163 545 204 Castri
565 187 581 210 ‚
609 177 632 203 a
650 163 860 210 conds‘zlone
874 163 1025 216 esprqffa
1037 162 1112 211 J&
1127 167 1324 209 individua
1335 129 1440 221 perh?

99 228 115 270 (
132 222 222 261 sunt
239 220 358 258 verba
379 217 662 265 Testamenti)
692 226 752 258 che
770 221 1074 268 demam-‚estana
1091 221 1242 270 obligati
1257 222 1437 273 eleg-gere,

94 274 314 326 presentare,
331 285 350 309 e
363 277 545 311 nominare
561 273 678 323 quello
694 299 706 318 ‚
721 275 784 311 che
800 278 840 317 vi
848 274 939 322 sara*
955 271 1055 310 della
1069 277 1141 310 mia
1160 275 1252 322 Casa
1265 277 1435 317 Mainar-

100 329 142 366 di
169 329 328 376 inprime
346 323 446 374 luogo
459 351 472 370 ‚
505 327 552 369 ed
562 327 740 376 auteporlo
758 328 806 364 ad
820 341 899 376 ogm
914 327 1006 366 altro
1023 338 1032 363 :
1061 328 1106 368 ed
1132 330 1170 364 in
1188 341 1427 373 manccmza„

96 383 143 419 ds·
154 377 268 429 quelli
293 376 393 415 della
411 383 483 416 mia
504 379 592 427 Cqsa
607 403 621 423 ‚
652 381 715 417 che
726 381 846 429 poffino
861 380 1023 428 eleggere
1039 405 1050 424 ,
1069 381 1275 429 comesopra
1291 407 1303 426 ,
1316 383 1434 430 quello

92 433 165 472 che
176 434 244 481 pit>
269 446 291 469 a
306 431 379 471 loro
402 434 535 481 parerd
551 456 566 478 ‚
595 436 768 481 epiacera
784 457 798 478 ,
826 447 846 477 e
869 446 937 474 von
952 432 1158 473 altrimenti
1174 459 1187 479 ,
1214 437 1257 473 nc?
1286 437 1325 471 in
1339 435 1433 473 altro

92 485 198 524 modo
225 514 237 526 .
628 484 629 487 ’

27 537 190 580 Ἑτεᾶε
207 535 289 577 fuit
315 537 585 586 Cappellania
603 539 651 578 ab
668 538 894 581 Ordinario
907 563 920 584 ‚
947 538 987 578 St
1002 538 1157 578 collata
1186 539 1434 589 Presbytero

95 589 269 630 Valerio
290 590 447 633 Salvati
464 618 478 638 ,
506 593 620 637 juxta
649 590 955 639 dispositionem
985 591 1042 640 pii
1062 590 1287 632 Testatoris
1305 622 1315 632 .
1346 592 1434 633 Post

94 643 255 683 Salvati
268 643 429 684 obitum
441 670 455 689 ‚
484 644 601 683 illam
632 643 901 682 obtinuerunt
930 643 1106 693 primum
1123 644 1321 689 Sacerdos
1350 644 1433 694 Cy·-

93 696 259 747 prianus
276 695 406 737 Senili
425 723 438 742 ‚
466 695 614 735 deinde
630 695 1089 740 SacerdosfiDominicus
1120 696 1328 738 Mainardi
1359 708 1433 736 no·-

91 747 242 789 minati
259 758 281 786 a
296 747 474 787 Plebano
488 771 502 792 ‚
532 748 570 787 &
582 747 792 787 Societate
821 746 1033 790 Patronis.
1065 748 1248 792 Decessit
1282 749 1430 788 Domi-

91 801 209 840 nicus
226 798 432 839 Mainardi
452 800 520 840 die
533 804 568 843 6.
589 800 1171 850 praeteritime11fisJanuarii‚·
1200 804 1238 843 ὃς
1252 800 1431 843 Confra-

87 852 264 895 ternitas
282 851 526 894 Sanctiffimi
542 851 697 895 Rosarii
722 852 788 891 die
806 865 870 895 31.
889 852 1078 898 ejusdem
1095 855 1239 892 menfis
1255 879 1267 898 ‚
1303 863 1428 904 atque

83 904 288 946 Plebanus
303 904 369 944 die
381 904 512 954 prima
527 904 1018 950 Februarii,nominarunt
1036 905 1085 944 ad
1096 904 1427 957 assequutionem

85 956 272 1004 ejusdem
292 956 573 1007 Cappellaniae.
587 957 801 1004 Clericum
815 958 1031 1007 Aloyfium
1061 958 1268 1001 Mainardi
1282 959 1424 999 trede-
1452 975 1456 982 ⁴

84 1009 170 1050 cim
184 1022 309 1050 annos
327 1019 470 1050 natum
489 1035 503 1055 ‚
533 1010 606 1050 sub.
618 1010 861 1058 conditione
879 1019 1019 1051 tamen
1052 1011 1303 1059 impetrandi
1321 1011 1425 1050 infra

84 1063 188 1102 duos
219 1063 379 1102 menses
409 1062 689 1113 Apostolicam
710 1063 1075 1112 dispensationem
1113 1064 1239 1113 super»
1260 1062 1428 1105 defectu

87 1114 225 1155 aetatis
257 1143 267 1156 .
309 1114 456 1155 Preces
487 1115 642 1155 obtulit
671 1115 858 1157 Patronis
902 1115 1031 1155 etiam
1064 1116 1256 1156 Sacerdos
1296 1115 1426 1166 Julius

88 1165 312 1217 Giampedi
332 1167 589 1218 Magdalenae
602 1166 809 1212 Mainardi
826 1166 955 1206 Filius
974 1192 987 1212 ‚
1005 1169 1076 1207 sed
1091 1169 1268 1214 rejectus
1284 1180 1306 1207 a
1321 1167 1427 1207 Con-

84 1218 355 1263 flaternitate
371 1220 633 1264 „nominatus
648 1219 729 1262 fuit
746 1232 767 1258 a
785 1220 869 1258 solo
889 1219 1068 1262 Plebano
1083 1245 1095 1264 ‚
1110 1220 1338 1267 ,subsidiarie
1349 1229 1427 1259 ‹ta-2

84 1282 181 1315 men
197 1295 212 1316 ‚
241 1273 280 1312 &
297 1273 337 1312 in
352 1281 551 1313 eventum
565 1298 578 1319 ,
611 1273 719 1323 quod
737 1272 1030 1319 Apostolicam-
1049 1273 1425 1321 dispensat-ionem

82 1324 278 1372 Aloyfius
293 1324 502 1364 Mainardi
516 1325 665 1370 statuto
678 1333 866 1372 tempore
884 1335 963 1361 non
977 1322 1218 1362 obtinuisset
1248 1353 1258 1363 .

23 1376 218 1423 fAdjet‘he
234 1375 467 1420 conditioni
482 1377 520 1415 se
535 1376 725 1426 opposuit
739 1375 868 1425 Julius
888 1375 1108 1424 Giampedi
1122 1401 1135 1421 ‚
1168 1376 1207 1416 Sc
1236 1376 1277 1414 in
1294 1374 1420 1415 Curia

80 1428 594 1478 EpiscopaliAnconitana
612 1430 854 1477 protestatus
883 1428 936 1467 est
954 1454 967 1473 ,
992 1427 1210 1477 Aloyfium
1238 1428 1422 1467 Mainar-

78 1480 151 1526 di,
167 1480 240 1520 etfi
257 1480 306 1519 de
320 1492 472 1531 genere
490 1480 746 1520 Vocatorum
764 1505 778 1525 ‚
795 1481 1021 1520 inhabilem
1040 1479 1117 1524 effe
1138 1480 1301 1521 ratione
1321 1491 1419 1522 aeta-

77 1533 135 1575 tis
151 1559 166 1579 ,
193 1532 345 1583 fibique
373 1532 444 1574 uni
475 1534 539 1579 jus
559 1534 768 1584 quaefitum
795 1529 910 1572 fuisse
940 1542 1142 1580 tempore.
1155 1533 1383 1574 vacationis
1403 1559 1418 1578 ,

5 1623 7 1629 ,
77 1586 292 1636 tamquam
313 1583 462 1624 idoneo
479 1610 493 1630 ‚
523 1585 562 1624 &
591 1597 662 1635 per
679 1584 912 1624 Foeminam
938 1584 1204 1628 descendenti
1231 1598 1253 1624 a
1281 1586 1419 1624 Domo

79 1637 328 1679 Fundatoris
345 1666 361 1677 ..
384 1636 576 1686 Aloyfius
593 1646 734 1676 autem
750 1639 841 1683 iure
858 1637 1105 1686 Agnationis
1122 1664 1134 1682 ‚
1166 1639 1204 1678 ὃς
1221 1637 1416 1678 Patrono-

81 1702 172 1729 tum
186 1690 316 1732 fretus
333 1689 646 1736 nominatione,
664 1689 912 1739 supplicavit
931 1689 1322 1729 SANCTISSIMO
1340 1703 1414 1740 pro

79 1741 312 1784 collatione
326 1741 597 1791 Cappellaniae
613 1765 626 1785 ‚
644 1753 739 1781 cum
757 1742 1057 1790 dispensatione
1077 1744 1211 1781 aetatis
1225 1756 1239 1782 ,·
1268 1743 1418 1791 suppli-

82 1794 199 1836 cavit
215 1793 402 1842 &Julius
415 1792 638 1841 Giampedi
652 1816 666 1835 ‚
694 1793 758 1831 uti
789 1792 1039 1831 descendens
1054 1805 1077 1830 a
1094 1793 1229 1835 Domo
1249 1803 1415 1836 vocata,

81 1845 294 1895 petiitque
305 1845 459 1893 parit-er·
486 1843 538 1883 de
553 1843 822 1892 Cappellania
847 1843 1079 1892 provideri.
1109 1843 1422 1887 SANCTISSI-

78 1895 201 1938 MUS
233 1905 450 1947 utramque
473 1895 648 1944 signavit
674 1895 1014 1945 supplicationem
1031 1910 1045 1937 ,-
1074 1897 1113 1936 &
1143 1896 1419 1936 Eminentiffia

79 1961 172 1990 mus
188 1947 390 1991 Dominus
406 1947 635 1987 Cardinalis
659 1947 957 1988 P.r0.-Datarius
984 1957 1131 1987 votum
1148 1950 1267 1994 hujus
1287 1949 1418 1988 Sacrae

82 2000 426 2092 Conglgregationis
460 1999 676 2053 exquisivit
703 2023 722 2046 ‚,
761 2008 854 2047 utra
884 2000 1130 2051 supplicatio
1170 1999 1280 2041 foret
1309 2002 1418 2049 tela«

86 2067 164 2095 xan
196 2065 219 2097 a<
239 2083 250 2096 ο
594 2079 597 2082 ⁴
1426 2076 1432 2082 '

31 2104 124 2151 Post
139 2106 328 2148 auditum
350 2105 402 2147 de
416 2117 532 2148 more
557 2105 800 2156 Episcopum
815 2131 829 2152 ,
853 2107 981 2147 Causa
1012 2119 1121 2147 nunc
1135 2108 1376 2158 proponitur
1401 2137 1415 2148 .

81 2159 139 2200 Et
154 2160 338 2209 disputat:
352 2158 484 2209 Julius
502 2158 723 2209 Giampedi
737 2184 751 2206 ‚
780 2160 1046 2200 vocationem
1062 2159 1418 2200 Descendentium

83 2212 136 2254 de
154 2211 326 2254 Familia
343 2234 359 2256 ‚
393 2211 616 2261 praesertim
631 2212 672 2254 in
683 2212 859 2252 materia
887 2211 1142 2253 indifferenti
1174 2212 1419 2262 Jurispatro-

81 2273 210 2307 natus·
234 2263 343 2305 haud
360 2263 517 2305 diree‘ta
545 2264 596 2304 ad
612 2263 968 2307 conservationem
997 2265 1183 2316 tigorosae
1212 2264 1419 2314 Agnatio-

79 2317 146 2358 nis
161 2343 176 2364 ‚
205 2317 554 2366 comprehendere
582 2317 711 2359 etiam
725 2316 931 2368 cognatos
947 2340 965 2361 2
999 2317 1069 2369 qui
1098 2329 1121 2356 a
1150 2316 1323 2358 Familia
1352 2329 1418 2356 re·

81 2379 182 2411 vera
197 2369 447 2411 descendunt
464 2381 475 2409 ε
504 2370 543 2411 &
556 2369 795 2420 Cognomen
808 2370 1018 2416 Mainardi,
1035 2372 1132 2409 cum
1146 2370 1194 2409 fit
1211 2370 1416 2415 adjectum

81 2433 163 2461 non
180 2421 365 2465 Personis
380 2422 636 2463 nominandis
654 2447 668 2468 ‚
694 2422 765 2463 sed
782 2422 963 2462 Familia·
981 2447 994 2468 ,
1012 2422 1150 2470 potius
1167 2421 1418 2461 demonstra-

77 2484 126 2512 re
139 2474 396 2516 vocatorum
409 2474 612 2523 originem
625 2499 639 2520 ‚
669 2477 793 2525 quam
806 2485 950 2518 veram
962 2474 1243 2523 Agnationem
1260 2487 1410 2514 eorun—

79 2524 178 2566 dem
202 2551 216 2571 ‚
245 2536 293 2571 ut
321 2526 429 2567 dixit
458 2526 554 2565 Rota
576 2531 616 2566 in
637 2527 851 2570 Auximana
866 2526 1190 2577 Jurispatron'atus
1217 2540 1256 2575 9,
1272 2527 1415 2564 Martii

83 2590 204 2625 1703.
223 2579 263 2627 ᾇ.
280 2582 374 2620 Non
388 2580 540 2631 obstante
554 2605 567 2626 2
595 2582 639 2624 ⁴&
652 2580 693 2629 §-
713 2583 795 2633 Q
811 2583 898 2618 verb
920 2592 1037 2618 coram
1050 2580 1182 2625 Muto,
1210 2581 1248 2619 Sc
1265 2579 1304 2618 in
1322 2591 1411 2628 pro—

80 2630 406 2677 ximisterminis
421 2632 653 2675 vocationis
669 2633 1007 2682 presbyterorum
1023 2630 1124 2670 della
1142 2631 1253 2681 Casa,
1264 2645 1283 2670 o
1302 2633 1416 2681 Ceppo

75 2683 120 2722 du·
136 2685 328 2725 Chiarantn'
343 2709 357 2729 ‚
369 2684 585 2730 definitum
598 2684 681 2730 fuit
696 2687 990 2732 inlnteramnen.
1006 2685 1322 2737 Jurstasronaeus
1344 2699 1364 2721 2
1373 2698 1409 2724 2.

132 2738 233 2779 Tum..
248 2737 399 2779 XXXI.
838 2735 870 2777 P
1306 2735 1418 2776 Μειν-7
