1934 2954
1334 192 1349 215 1
1387 190 1413 220 3-

71 224 223 273 jamdiu
242 227 398 275 lapsum
418 223 739 274 quinquennium
767 237 789 263 a
807 225 871 263 die
887 223 1028 264 cmissae
1047 223 1307 266 Profe-monis
1337 190 1408 269 εξ(-

74 279 247 327 postulat
267 307 276 315 .

22 331 78 372 Ex
96 343 248 370 novem
267 327 447 369 Testiurn
468 326 783 376 depositionibus
798 330 916 377 super
930 329 1118 369 articulis
1135 341 1205 377 per
1221 329 1408 378 Judicem

71 382 393 430 Su'odelegatum
409 380 654 419 examinatis
667 381 907 420 nullitatern
924 380 1178 431 comprobari
1199 391 1403 422 autumat.

70 433 175 473 Cum
190 433 232 474 hi
262 432 393 484 quoad
415 431 760 481 interruptionem
779 433 871 472 anni
886 433 1135 482 probationis
1151 432 1236 472 fere
1255 445 1325 483 per
1339 447 1407 474 ea-

71 485 169 527 dem
186 485 307 526 verba
325 485 523 523 testentur
551 499 578 520 =
606 485 646 521 di
657 484 812 534 sapere,
845 499 938 523 come
961 486 1039 534 cosa
1062 486 1208 536 publica
1237 490 1276 523 in
1290 488 1405 537 questo

70 537 187 586 Paese
202 562 216 584 ‚
244 538 306 575 che
314 537 469 584 sacendo
483 538 580 573 detto
594 537 716 576 Padre
733 540 918 576 Giovanni
931 538 963 575 il
971 539 1039 586 suo
1053 541 1267 581 Novizjato
1285 563 1297 582 ‚
1313 539 1406 577 nelle

69 592 188 642 prime
199 589 344 637 tresere
360 589 400 625 de·
415 588 562 627 Natale
580 589 621 624 di
632 588 747 637 quello
761 590 874 638 isteffb
889 604 978 627 anno
993 595 1053 628 tre>
1065 590 1164 629 volte
1172 591 1405 638 fitggffsenza

74 642 204 680 I‘abt'to
218 668 232 688 ,
257 641 427 689 saltando
442 640 538 678 dalle
557 640 732 688 muraglie
749 641 811 677 del
829 644 1009 680 Convento
1027 667 1039 684 ,
1073 657 1092 680 e
1105 643 1303 691 portandofi
1327 644 1404 680 itt-.-

73 694 168 743 Casa
184 696 222 731 di
239 696 371 731 Donna
390 691 515 730 Maria
532 715 545 734 ‚
564 705 583 729 e
601 693 730 729 Donna
745 693 920 732 Eleonora
936 694 996 732 del
1013 694 1084 731 Rio
1102 698 1175 738 &a
1206 710 1233 730 =
1263 695 1300 733 S(
1313 707 1403 733 rur-

73 747 142 786 sus
173 746 222 786 de
240 753 381 798 quarta
401 742 493 794 fuga
512 744 767 792 deponentes
797 748 913 791 ajunt
929 746 1083 795 pariter
1110 759 1134 783 t
1161 746 1337 796 disapere
1353 771 1365 790 ‚
1384 760 1405 785 e

73 798 237 849 costargli
257 799 269 842 >‚
299 799 362 835 che
379 795 517 844 effindo
533 799 739 835 imminente
763 797 794 835 il
809 802 960 836 termine
987 797 1051 836 del
1063 801 1279 842 Novizjato
1296 824 1309 844 ‚
1339 801 1405 839 che

68 852 207 903 saceva
223 850 253 888 il
267 850 365 886 detto
382 849 506 886 Padre
522 851 709 886 Giovanni
724 872 736 892 ‚
766 851 877 901 questi
891 851 1053 899 commlse
1080 865 1154 890 una
1169 865 1288 889 nuova
1293 852 1406 900 fuga,

71 903 235 945 vertendo
248 900 314 938 dal
333 902 428 938 detto
443 903 622 941 Convento
638 901 815 951 spogliato
845 903 1035 941 dell'abito
1062 902 1137 941 alla
1164 903 1421 951 Poffeffionea,

73 955 177 995 detta
197 956 237 992 di
256 955 404 1002 Zognar
418 979 430 998 ,
449 953 548 990 dalla
562 953 665 1002 quale
675 957 738 1002 poi
753 968 824 992 una
829 955 919 1006 sera
922 956 957 1004 st
961 958 1061 1004 portb
1072 958 1113 993 in
1127 956 1245 1006 questa
1259 957 1404 993 Terra:

70 1006 131 1046 Ex
146 1005 404 1058 quadruplici
423 1007 495 1044 hac
512 1004 606 1054 fuga
625 1005 901 1055 interruptum
919 1006 1055 1046 asserit
1068 1007 1131 1046 Fr.
1147 1007 1321 1056 joannes
1336 1019 1403 1046 an-

71 1071 172 1098 num
189 1057 409 1108 Tyrocinii
426 1083 439 1102 ‚
468 1057 537 1108 qui
562 1057 679 1095 ficuti
694 1058 743 1096 ad
758 1058 1022 1098 validitatem
1042 1057 1300 1098 Profeffionis
1330 1058 1404 1098 de-

70 1112 141 1151 bet
156 1109 234 1151 effe
247 1110 498 1158 completus,
518 1109 555 1148 Sc
573 1108 789 1148 continuus
803 1133 816 1153 ‚
837 1110 929 1150 ideo
947 1110 1239 1149 Profeffionem
1253 1110 1403 1150 salvari
1436 1156 1440 1162 ,

71 1175 153 1203 non
170 1161 275 1211 posse
293 1174 315 1201 a
331 1162 527 1205 nullitate
542 1161 729 1206 substinet
748 1173 794 1203 ex
812 1162 1073 1214 dispositione
1088 1162 1282 1205 Squncil.
1298 1163 1400 1202 Trid.
1430 1175 1433 1178 ·

69 1215 181 1265 seffia
190 1225 206 1256 5
215 1223 304 1264 .cap.
315 1229 329 1253 1
339 1227 373 1258 5.
390 1216 435 1253 de
449 1216 624 1264 Regular-

29 1263 128 1318 Qo
144 1267 245 1307 vero
261 1267 312 1306 ad
327 1268 503 1307 alterum
520 1268 727 1307 nullitatis
743 1276 866 1318 caput
883 1295 896 1315 ‚
925 1270 1031 1321 quod
1061 1269 1124 1308 Fr.
1141 1267 1315 1316 joannes
1331 1266 1406 1308 de—

74 1319 262 1360 sumebat
280 1319 498 1369 ert'duplici
511 1328 627 1359 metu
646 1346 658 1365 ‚
673 1322 711 1360 ὃς
728 1333 856 1370 poenae
873 1321 1060 1371 capitalis
1077 1322 1127 1359 ob
1144 1318 1402 1359 commissum

73 1371 206 1411 duelli
220 1370 375 1411 crimen
391 1397 403 1417 ‚
437 1371 476 1411 ὃς
489 1371 714 1410 coae'tionis
730 1384 751 1410 a
766 1372 885 1412 Patre
900 1397 913 1417 ,
940 1385 988 1412 ac
1001 1372 1226 1411 Avunculo
1245 1371 1370 1410 illatae
1385 1383 1402 1413 ‚-

70 1423 124 1463 de
140 1422 271 1472 primo
298 1423 473 1463 dubitari
504 1435 584 1461 non
615 1422 720 1472 posse
748 1425 964 1465 contendit
993 1436 1038 1463 ex
1056 1422 1369 1462 circumstantiis
1385 1448 1402 1471 ,

68 1483 162 1515 tum
180 1475 300 1524 Asyli
319 1475 360 1514 in
378 1475 596 1514 Conventu
612 1477 693 1524 post
707 1476 894 1515 duellum
911 1476 1084 1526 suscepti
1100 1502 1113 1522 ‚
1128 1485 1218 1516 tum
1234 1475 1404 1515 lethalis

67 1527 254 1567 'vulneris
281 1528 320 1566 in
348 1526 636 1566 Adversarium
672 1527 814 1567 inssic‘ti
835 1555 846 1574 ,
875 1538 962 1569 tum
992 1528 1260 1578 susceptionis
1288 1526 1404 1568 Reli-—

72 1579 172 1630 giofi
189 1579 363 1618 Habitus
380 1579 418 1618 in
441 1579 514 1617 illo
533 1579 616 1628 ipso
633 1578 851 1620 Conventu
869 1607 882 1626 ‚
912 1582 960 1621 ad
980 1593 1102 1632 quem
1132 1578 1372 1629 confugerat
1386 1605 1402 1625 ,

73 1633 244 1680 expleta:
259 1631 463 1681 trigefimo
477 1630 545 1670 die
576 1644 598 1670 a
616 1641 778 1679 patrato
794 1633 972 1673 crimine
988 1659 1001 1678 ,
1030 1632 1297 1681 adstipulante
1326 1631 1400 1670 in-‚

70 1681 358 1732 praemifforum
371 1683 750 1732 comprobationem
776 1685 905 1725 etiam
940 1686 1050 1725 sensu
1071 1684 1253 1724 Testium
1279 1683 1402 1732 depo-

72 1735 262 1775 nentium
286 1751 314 1772 =
342 1736 382 1774 di
385 1737 516 1785 sapere
532 1761 544 1780 ‚
564 1750 584 1773 e
602 1736 765 1786 costargli
780 1764 792 1783 ‚
810 1740 873 1776 che
884 1748 950 1788 per
961 1737 1070 1786 effire
1085 1737 1272 1786 disperata
1287 1736 1323 1773 la
1341 1740 1403 1774 vi·-

76 1797 114 1825 ta
127 1787 188 1825 del
201 1788 326 1826 Ferito
343 1813 354 1832 ,
383 1803 402 1826 e
408 1791 529 1838 percib
546 1788 637 1839 effer
641 1802 759 1837 grave
780 1790 817 1827 la
825 1799 918 1839 pena
934 1816 946 1836 ,
973 1791 1037 1828 che
1062 1793 1242 1827 meritava
1269 1788 1300 1825 il
1323 1790 1401 1826 Pa-

71 1841 138 1877 dre
150 1840 554 1890 Giovannispaventato
563 1853 803 1888 grave-mente
817 1841 1103 1890 &amedendofi
1111 1841 1232 1889 senza
1247 1839 1399 1886 liberm,

62 1893 99 1940 fi
113 1891 236 1940 risolse
247 1905 267 1928 a
284 1896 447 1931 ricevere
456 1892 606 1930 I'Ahito
620 1894 797 1941 Regolare
823 1907 851 1928 ε
882 1894 1048 1933 Metum
1064 1901 1203 1931 autem
1219 1902 1241 1928 a
1259 1891 1399 1935 Patre,

72 1942 293 1982 Avunculo
311 1969 324 1989 ‚
351 1957 395 1984 ac
414 1943 653 1995 Propinquis
668 1945 834 1984 illatum
851 1972 864 1992 ‚
894 1945 1113 1986 arbitratur
1138 1942 1236 1981 satis
1264 1943 1401 1982 evinci

76 2007 124 2034 ex
139 1994 391 2044 depositione
418 1996 642 2035 eorundem
671 1995 855 2036 Testium
870 2023 883 2043 ,
919 1997 987 2048 qui
1016 1994 1219 2034 affirmant
1246 2009 1274 2029 ε
1302 1997 1399 2034 che.

72 2047 106 2084 32
122 2049 245 2087 Padre
260 2050 444 2086 Giovanni
459 2051 670 2085 minace-iaco
686 2073 699 2092 ,
728 2062 747 2086 e
762 2049 930 2098 castigato
947 2047 1011 2084 dal
1020 2048 1118 2084 detto
1118 2046 1189 2094 sao
1205 2048 1277 2085 Zio
1293 2071 1306 2091 ‚
1336 2046 1400 2085 dat

69 2101 196 2140 Padre
209 2125 223 2145 ‚
251 2113 270 2137 e
285 2100 385 2148 dagli
401 2099 487 2137 altri
500 2100 654 2137 parenti
671 2124 685 2144 ‚
712 2103 802 2137 tutti
817 2103 832 2135 i
849 2100 949 2150 quali
974 2111 1079 2137 erano
1103 2098 1307 2147 intereffati
1336 2113 1395 2136 α.»

68 2152 222 2199 togliere
234 2151 266 2189 il
278 2152 438 2201 dtJonore
453 2176 466 2195 ,
494 2153 557 2188 che
562 2152 595 2200 fi
599 2151 753 2199 sarebbe
768 2152 840 2190 loro
859 2154 1043 2201 cagionato
1068 2149 1170 2188 dalla
1179 2160 1272 2200 pena
1288 2174 1300 2193 ‚
1332 2153 1396 2190 che

67 2204 169 2244 nella
188 2204 296 2242 dilui
316 2204 471 2253 Persona
479 2203 610 2253 fisbffe
625 2202 784 2252 eseguita
799 2229 812 2249 ‚
839 2218 907 2246 non
921 2203 1097 2252 ceffarono
1115 2204 1155 2240 di
1169 2202 1363 2252 molestarlo
1375 2227 1392 2247 ‚
1429 2205 1431 2207 ’

65 2255 300 2304 sforzandolo
315 2270 336 2294 a
342 2257 434 2307 farsi
447 2256 626 2305 Religioso
655 2267 683 2288 ε’
711 2254 834 2306 idque
848 2255 1036 2296 admittit
1051 2254 1131 2305 ipse
1148 2263 1236 2294 met
1250 2254 1396 2293 Avun-

65 2309 183 2348 culus
198 2321 268 2359 per
282 2321 331 2348 ea
345 2310 464 2348 verba
483 2308 537 2347 ibi
564 2320 593 2343 z:
619 2309 653 2346 E
669 2308 732 2349 che
744 2307 899 2350 l'averlo
912 2308 1071 2359 costretto
1089 2321 1111 2347 a
1118 2308 1209 2359 farst
1217 2307 1396 2357 Religiosb

62 2360 110 2409 st>
122 2370 188 2411 per
191 2361 396 2411 scamparlo
413 2364 487 2406 &a

12 2409 212 2457 ,Tertium
231 2413 406 2464 denique
422 2413 630 2453 nullitatis
646 2422 769 2464 caput
784 2414 881 2455 satis
898 2413 1035 2456 evinci
1053 2420 1171 2462 putat
1192 2410 1255 2450 Fr.
1273 2409 1392 2461 Joan-

65 2473 137 2504 nes
165 2478 212 2506 ex
229 2468 436 2506 aversione
463 2468 547 2513 jam
575 2466 778 2516 patefacta
808 2466 1030 2507 assumendi
1058 2465 1189 2504 vitam
1220 2463 1395 2513 Regula·-

65 2528 153 2556 rem
169 2542 184 2562 ‚
210 2531 256 2559 ex
272 2518 571 2568 multiplicibus
586 2517 695 2568 fugis
712 2531 733 2557 a
746 2518 964 2559 Conventu
982 2517 1153 2568 patratis
1170 2527 1276 2556 anno
1301 2528 1394 2565 pro-

65 2569 242 2610 bationis
258 2597 272 2618 ‚
298 2584 345 2612 ex
363 2571 707 2611 declarationibus
723 2570 872 2610 emiffis
885 2578 983 2611 ante
998 2567 1285 2619 profeffionem
1300 2592 1314 2612 ,
1346 2578 1393 2607 ae

63 2621 234 2712 {anfi-den}
271 2635 320 2664 ex
347 2623 531 2665 maestitia
558 2648 573 2668 ‚
610 2625 649 2664 ὃς
680 2623 911 2664 turbatione
947 2622 1076 2662 animi
1106 2620 1147 2660 in
1174 2622 1266 2660 astu
1291 2618 1394 2659 Pro-

86 2684 110 2712 e
143 2686 250 2714 lorus
267 2704 280 2715 .
608 2704 612 2708 -
1002 2693 1006 2697 ’

13 2716 297 2776 Risinnititur
314 2727 592 2773 fundamentis
618 2727 680 2771 Fr.
697 2727 870 2821 103ηὲεέ
896 2739 968 2780 pro
979 2725 1199 2771 obtinenda
1224 2724 1396 2781 'restitue

107 2794 110 2799 ’
154 2800 164 2806 Ψ
1316 2785 1397 2817 1¹0-
