1934 2954
83 174 206 240 Die
243 166 563 234 Sabbathi
629 170 685 238 8.
720 169 894 252 Maji
935 173 1136 253 17622
1189 174 1263 236 in
1300 137 1482 241 Palas}

169 266 261 328 tio
299 258 690 346 Apostolico
728 259 1062 344 Qirinali
1119 264 1241 328 erit
1289 265 1476 332 Sacra

172 354 625 439 Congregatio
648 349 944 418 Concilii
971 400 991 430 ,
1015 355 1085 417 in
1106 375 1236 443 qua
1261 403 1281 431 ‚
1310 377 1478 442 prae-

118 509 120 511 ,
167 460 266 507 ter
308 442 432 507 alia
470 491 490 520 ,
549 458 1014 530 proponentur
1059 444 1473 533 infrascripta

166 532 380 601 Dubia
396 584 416 612 ,
442 535 622 618 juxta
644 557 913 600 morem
949 532 1247 618 ejusdem
1269 539 1472 604 Sacrae

170 623 734 714 Congregationis
753 626 834 690 de
848 628 989 709 Jure
1008 627 1393 695 resolvenda
1411 683 1426 698 .

72 803 139 889 B
160 802 234 840 Ine:
253 827 264 844 ‚
282 813 367 850 quae
384 800 606 850 sequuntur
624 825 636 844 ‚
656 801 789 840 Causae
807 800 988 840 indecisae
1003 804 1284 842 remanserunt
1309 803 1350 840 in
1367 815 1464 852 prx-

170 853 296 893 terita
326 853 657 901 Congregatione
699 853 836 893 habita
867 854 934 893 die
968 866 1027 899 27.
1070 854 1287 902 superioris
1318 858 1462 895 mensis

121 905 291 944 Martii.
324 904 470 944 Denuo
500 905 639 955 itaque
668 905 940 950 subjiciuntur
969 904 1125 950 judicio
1157 907 1236 946 EE.
1268 906 1355 946 VV.
1375 932 1388 952 ‚
1416 919 1464 947 ut

122 956 365 1006 ijeaffiimpto
382 957 632 1005 praecedenti
650 956 767 996 Folio
784 982 796 1002 ,
828 959 1049 1008 dignentur
1069 958 1162 998 illas
1181 959 1350 1002 definire
1370 990 1384 1001 .

73 1061 153 1149 C
173 1114 518 1159 AMERINEN.‚
548 1114 648 1154 SEU
678 1114 1018 1155 FABRIANEN.

173 1166 246 1205 An
263 1168 492 1218 Rescriptum
507 1168 717 1217 Scmfffiffimi
735 1171 786 1218 fit
803 1171 1050 1218 exequendum
1067 1193 1081 1214 ‚
1110 1171 1151 1206 in
1168 1169 1252 1220 cafiae
1267 1170 1345 1214 &c-

282 1324 493 1374 Negative
515 1353 528 1363 .

65 1529 138 1617 Ρ
155 1584 403 1626 ERUSINA
433 1584 776 1625 ELECTIONIS
807 1585 1055 1628 PRIORIS.

70 1637 139 1673 An
154 1637 610 1739 [22ἰῖξῖἑῖξὲῗῖἴῖἔὶἰὲῗὲ
623 1641 762 1735 Ξνέἷῡνὶς
783 1640 934 1689 collegii
952 1643 1093 1681 ‘Urbani
1110 1642 1287 1680 Civitatis
1306 1639 1462 1688 Perufiae

284 1845 547 1886 Affirmative
564 1846 612 1885 ad
631 1858 779 1886 annum
797 1877 809 1885 .

71 2053 151 2141 C
169 2055 666 2095 OMPOSTELLANA.
714 2055 814 2094 Haec
846 2067 1008 2107 qnoque
1036 2054 1164 2094 Causa
1191 2054 1368 2094 indecisa
1398 2063 1460 2092 re-

184 2110 328 2147 mansit
360 2109 398 2147 in
419 2111 614 2157 postrema
629 2107 958 2156 congregatione
978 2108 1115 2148 habita
1145 2107 1211 2147 die
1232 2121 1291 2154 27.
1311 2114 1460 2155 praete-

125 2160 198 2199 riti
217 2162 356 2200 mensis
372 2161 544 2199 Martii.
580 2161 623 2198 In
656 2172 700 2198 ea
719 2160 964 2200 Vincentius
990 2161 1200 2199 Antonius
1215 2159 1378 2198 Roldan
1405 2156 1455 2196 de

1522 1114 1687 1162 Sefi.22.
1717 1122 1839 1173 cap.6.

1497 1167 1544 1206 de
1556 1166 1725 1224 Reform.

1494 1591 1588 1641 Sess.
1606 1605 1627 1629 2
1634 1602 1669 1636 5.
1698 1600 1776 1643 cap.
1793 1596 1833 1634 6.

1493 1645 1541 1682 de
1553 1643 1684 1694 Regul.

1492 2054 1584 2104 Sefs.
1592 2067 1611 2092 2
1619 2068 1656 2094 2.
1685 2056 1836 2093 Decret.

1493 2109 1538 2144 de
1566 2107 1703 2155 chserv.
1729 2131 1744 2151 ‚
1795 2109 1840 2150 ὠ·

1493 2162 1581 2198 evit.
1623 2163 1661 2198 in
1701 2157 1833 2198 celebr.

119 2212 277 2262 Agniar
308 2213 454 2252 nititur
473 2213 692 2252 excludere
719 2224 819 2250 onus
847 2213 1137 2262 applicationis
1159 2211 1301 2263 ‚quoad
1316 2207 1456 2248 Missas
1490 2211 1635 2262 Miffae.

120 2265 298 2314 duplicis
316 2265 591 2314 Cappellaniae
625 2263 803 2304 fundatae
829 2277 852 2304 a
882 2264 1124 2304 Baithaxare
1160 2265 1211 2303 de
1228 2263 1351 2302 Ulloa
1368 2262 1458 2300 Au-

121 2319 244 2356 thore
260 2320 354 2356 suo:
384 2319 420 2357 Sc
440 2318 567 2356 tribus
598 2317 730 2356 utitur
751 2318 1003 2366 argumentis
1020 2317 1245 2366 desumptis
1275 2327 1297 2353 a
1311 2314 1458 2353 discre-

122 2369 229 2414 tiva,
246 2383 267 2409 a
283 2370 558 2418 defignatione
575 2369 759 2408 Ecclefiae
776 2394 788 2413 ‚
807 2370 845 2408 ὃς
861 2372 966 2408 horae
980 2396 992 2415 ‚
1008 2372 1046 2409 ὃς
1060 2382 1081 2407 a
1097 2368 1332 2419 quantitate
1346 2367 1460 2406 elee-

125 2423 301 2470 mosynae
319 2452 328 2461 .
347 2422 453 2461 Cum
470 2433 609 2461 tamen
626 2430 875 2470 proponatur
888 2421 1016 2460 Causa
1031 2422 1110 2460 fine
1125 2419 1458 2464 Contradie‘tore,

125 2485 223 2521 opus
242 2477 294 2514 est
310 2476 446 2524 aliqua
467 2487 511 2514 ex
531 2472 685 2512 Officio
703 2483 931 2523 praenotare
947 2497 961 2517 ‚
995 2482 1041 2512 ut
1056 2473 1136 2512 EE.
1154 2472 1230 2512 ΡΡ.
1263 2471 1457 2520 inspicere

125 2526 290 2565 valeant
322 2528 448 2566 etiam
477 2530 564 2572 jura
592 2550 606 2570 ,
652 2538 735 2577 quae
762 2525 902 2565 favere
934 2535 1130 2575 poterunt
1170 2524 1359 2573 suffragio
1399 2523 1459 2572 pii

131 2574 375 2618 Testatoris.

68 2624 189 2674 Juxta
215 2633 394 2679 regulam
428 2632 546 2681 porro
564 2657 574 2676 ‚
610 2643 730 2680 quam
758 2638 875 2671 tenet
894 2633 980 2670 haec
1008 2630 1128 2670 Sacra
1159 2628 1455 2680 congregatio,

123 2692 225 2720 onus
241 2684 529 2730 applicationis
545 2685 735 2725 censetur
750 2684 878 2725 tacite
897 2684 1125 2729 injunstum
1143 2709 1156 2730 ‚
1188 2682 1349 2724 etiamst
1377 2691 1459 2736 non

182 2735 283 2775 Tora.
296 2734 447 2776 XXXI.
926 2738 963 2774 K
1328 2742 1462 2781 expri-
