1934 2954
1337 171 1353 197 ι
1364 163 1382 201 5
1393 158 1415 196 i

83 211 337 254 Fundatores
353 206 572 254 majoribus
592 205 788 258 suffragiis
819 203 1065 246 fraudentur
1082 225 1095 251 ,
1124 204 1281 253 praestet
1298 211 1415 250 redu.

84 268 262 306 &ionem
276 260 481 302 moderari
513 259 562 298 ad
579 272 669 299 eam
686 260 959 309 eleemosynae
987 258 1266 309 quantitatem
1284 283 1298 304 ‚
1327 274 1414 311 quae

79 321 194 367 juxta
218 326 375 356 morem
392 312 587 363 Regionis
617 312 747 355 Miffis
764 325 860 354 curn
874 318 997 352 cantu
1014 335 1027 356 ‚
1061 310 1100 350 ἃ
1115 312 1341 359 respeffive
1358 315 1416 353 le-

83 372 158 412 stis
184 368 301 408 statui
315 366 551 410 consuevit,
577 375 777 417 quatenus
803 366 887 406 alia
902 363 1003 405 defit
1021 363 1211 420 supremo
1228 362 1414 404 Testato-

81 434 174 462 rum
190 420 346 468 judicio
365 419 588 469 praestituta
602 444 616 464 ‚
647 427 693 462 ut
708 419 952 471 rescriptum
979 413 1060 455 suit
1077 426 1118 458 m
1132 415 1241 458 clieta
1265 420 1414 460 Gerun-

82 475 183 525 densi
199 475 260 514 die
278 486 338 516 13·
357 474 576 523 Septembris
598 485 712 520 1749.

136 525 329 568 Pertinet
349 525 492 576 itaque
505 524 553 563 ad
569 523 747 565 EE.VV.
761 522 989 564 decernere

31 576 124 626 An,
141 582 186 627 ὠ·
200 579 370 631 quomodo
377 579 430 628 fit
442 576 702 627 indulgendum
711 580 837 631 petitae
851 578 1069 623 reduffiomg
1085 581 1124 617 in
1135 575 1219 627 casu
1235 577 1311 623 &a

131 734 282 786 Qioad
298 747 449 776 novem
464 733 757 775 Anniversaria
771 735 965 786 negative
983 748 994 777 :
1021 736 1062 777 in
1076 734 1250 788 reliquis
1264 732 1314 774 ad
1328 731 1421 784 Epi-

185 788 350 839 scopum
367 813 382 834 ,
396 790 511 836 juxta
527 788 831 831 instruc‘tionem
845 814 856 829 .

77 995 304 1040 MOLEN.
328 998 740 1041 CAPPELLANIAE
756 1030 768 1040 .
827 1001 1092 1042 Testamento
1108 1024 1122 1045 ‚
1151 996 1258 1050 quod
1277 994 1420 1037 condi·
1438 992 1722 1044 Sesami-apa«,

21 1081 25 1084 .
91 1049 156 1090 dit
171 1062 279 1091 anno
300 1056 413 1098 1726.
434 1078 447 1098 ,
464 1052 812 1101 Archipresbyter
825 1053 1050 1095 Matthaeus
1081 1053 1134 1092 de
1151 1052 1416 1091 Marescottis
1438 1046 1723 1096 &sess-25-c.5.

74 1102 179 1153 erigi
195 1103 307 1149 juffit
325 1113 568 1153 perpetuam
582 1104 894 1153 Cappellaniam
912 1106 951 1144 in
970 1105 1111 1146 Rurali
1129 1103 1331 1143 Oratorio
1349 1101 1417 1139 sub
1437 1102 1483 1140 de
1495 1099 1657 1146 Reform.

74 1153 342 1196 invocatione
362 1156 402 1196 S.
420 1156 602 1206 Philippi
621 1157 728 1196 Neri
748 1181 762 1200 ‚
789 1157 897 1208 quod
931 1159 1014 1206 ipse
1032 1158 1306 1197 construxerat
1337 1155 1412 1193 im,

74 1205 192 1297 Agre
208 1207 412 1258 Bagnariae
436 1209 643 1249 Imolenfis
660 1209 858 1250 Dioecefis
877 1235 890 1255 ‚
907 1210 1057 1251 relisto
1071 1210 1412 1259 Jurepatronatus

74 1269 101 1297 a
147 1258 216 1300 ivo
231 1285 245 1305 ‚
277 1261 319 1300 ὃς
333 1259 483 1309 passivo
508 1261 865 1303 Descendentibus
882 1274 953 1311 per
973 1263 1127 1302 lineam
1146 1260 1414 1302 masculinam

74 1309 98 1350 ὲ
115 1311 338 1352 Dominico
353 1337 366 1357 ‚
394 1314 433 1353 Bc
448 1313 601 1363 joanne
614 1313 865 1354 Marescotti
879 1314 960 1354 suis
978 1313 1185 1354 Fratribus
1200 1326 1215 1352 2·
1247 1314 1291 1354 ὃς
1309 1323 1412 1350 onus

74 1362 254 1408 injunxit
270 1364 535 1414 Cappellanis
564 1366 796 1407 celebrandi
830 1366 874 1406 in
887 1365 1037 1406 eodem
1064 1365 1267 1405 Oratorio
1296 1364 1411 1402 binas

66 1414 212 1455 Missas
231 1416 414 1466 qualibet
443 1417 697 1457 hebdomada
715 1444 729 1464 ‚
762 1418 1012 1470 illarumque
1033 1419 1210 1459 alteram
1239 1417 1306 1458 dire
1324 1415 1411 1453 Do-

75 1467 232 1507 minico
251 1493 266 1513 ,
294 1470 336 1510 &⁴
361 1469 508 1510 eodem
525 1469 593 1509 die
609 1469 787 1511 docendi
816 1471 982 1512 Fideles
999 1469 1239 1510 Christianae,
1254 1468 1411 1507 (1οᾶτί-

72 1530 132 1558 nae
148 1519 384 1560 rudimenta
413 1532 483 1561 ant
503 1521 544 1560 in
562 1522 862 1571 ipsoOratorio
878 1548 892 1568 ‚
919 1532 990 1563 aut
1009 1524 1048 1562 in
1065 1523 1245 1562 Ecclesia
1262 1520 1411 1560 Archi-

74 1572 352 1621 presbyterali
378 1573 585 1623 Bagnariae
599 1588 614 1616 ,·
645 1576 920 1627 praecepitque
938 1601 952 1621 ‚
967 1584 1013 1615 ut
1029 1574 1275 1625 Cappellani
1291 1584 1412 1613 tene-

69 1633 214 1664 rentur
229 1625 429 1665 continuo
444 1626 618 1667 refidere
635 1652 648 1672 ‚
666 1629 705 1669 δι’,
722 1628 909 1668 habitare
936 1629 977 1669 in
999 1627 1192 1677 Oppido,
1218 1628 1300 1666 five
1331 1625 1406 1663 in„

70 1673 308 1718 Territorio
325 1677 528 1728 Bagnariae
545 1704 558 1724 ,
593 1692 645 1718 ac
663 1681 934 1729 personaliter
965 1679 1194 1729 adimplere
1225 1680 1264 1718 in
1268 1678 1408 1726 juncta

71 1739 201 1769 onera
224 1753 238 1773 ‚
267 1741 362 1768 cum
390 1730 593 1771 facultate
619 1733 885 1772 substituendi
916 1733 1049 1773 solum
1074 1733 1116 1771 in
1134 1732 1225 1773 casu
1241 1756 1254 1776 ‚
1283 1743 1364 1782 quo
1381 1741 1411 1765 =

67 1789 134 1831 per
150 1782 256 1832 causa
271 1784 310 1819 di
317 1783 439 1832 studio
452 1809 464 1829 ‚
495 1798 513 1822 o
526 1786 760 1833 d'infermitd
775 1786 953 1836 corporale
960 1785 1091 1834 soffero
1107 1787 1309 1834 impediti..

16 1832 236 1878 'Praefatam
250 1834 562 1884 Cappellaniam
593 1837 793 1886 possidens
829 1837 1027 1878 Sacerdos
1059 1836 1242 1876 Thomas
1269 1835 1409 1874 Mare-

72 1886 200 1926 scotti
216 1887 360 1935 abipso
378 1886 591 1929 Testatore
621 1891 858 1930 nominatus
876 1889 1127 1939 supplicavit
1148 1886 1409 1928 SANCTIS-

74 1937 217 1979 SIMO
246 1939 491 1981 DOMINO
523 1941 760 1983 NOSTRO
779 1967 792 1986 ‚
825 1952 870 1982 ut
889 1942 1051 1983 ratione
1082 1941 1284 1991 proveftae
1311 1947 1408 1977 aeta-

69 1990 129 2030 tis
146 2015 159 2034 ‚
191 1994 233 2033 Sc.
248 1993 420 2033 adversae
449 1995 706 2035 valetudinis
722 1996 1034 2044 ss'dispensaretur
1050 1995 1072 2032 ὲ
1090 1990 1295 2040 personali
1322 1990 1409 2027 ser-

69 2043 179 2082 vitio
194 2067 208 2087 ‚
238 2043 399 2084 indulta
414 2044 615 2086 facultate
647 2046 897 2086 inserviendi
913 2058 985 2092 per
1002 2044 1273 2084 Substitutum
1289 2071 1298 2080 .
1331 2041 1408 2081 Re-

69 2094 198 2134 miffis
215 2105 359 2135 autem
386 2097 572 2144 precibus
602 2097 652 2137 ad
667 2100 770 2137 hanc
802 2099 969 2137 Sacram
1002 2094 1408 2146 Congregationem‚

70 2147 238 2187 auditus
253 2148 333 2188 fuit
351 2148 568 2198 Episcopus
584 2175 597 2194 ‚
617 2149 686 2199 qui
703 2150 868 2193 retulit,
885 2148 1027 2198 petitae
1043 2147 1188 2199 gratiae*
1199 2145 1406 2187 adversari

70 2207 164 2238 tum
186 2208 398 2241 externam
423 2201 534 2239 bona:
564 2201 816 2240 valetudinis
835 2200 986 2240 faciem
1003 2226 1017 2246 ,
1048 2211 1171 2251 quam
1197 2196 1409 2247 praesefert

71 2249 257 2291 Thomas
275 2253 520 2292 Marescotti
539 2277 552 2297 ‚
584 2266 663 2303 qua
679 2253 857 2302 inspec‘ta
875 2254 916 2292 in
935 2253 1059 2292 Sacra
1076 2250 1323 2292 Vifitatione
1339 2262 1405 2289 an-

71 2302 114 2341 ni
128 2320 133 2325 ·
149 2310 264 2351 1758.
296 2305 455 2344 censuit
485 2306 675 2344 eumdem
702 2317 851 2354 cogere
877 2305 926 2344 ad
944 2303 1214 2353 praestandum
1246 2315 1317 2353 per
1333 2302 1404 2342 se.)

71 2354 203 2402 ipsum
218 2357 436 2396 servitium
456 2358 477 2395 a
495 2355 705 2397 Testatore
721 2357 950 2403 injune‘tum
969 2370 980 2396 t
1010 2367 1102 2396 tum
1121 2358 1207 2403 ejus
1225 2353 1407 2410 lociAr·

72 2408 465 2457 chipresbyterum‚
494 2410 607 2454 cujus
627 2410 845 2448 transmisit
873 2411 1060 2458 epistolas
1087 2421 1182 2448 cum
1210 2406 1408 2447 exhibitis

74 2458 332 2501 documentis
358 2461 524 2501 assertos
541 2462 701 2500 morbos
718 2463 1031 2503 excludentibus
1043 2475 1058 2502 ‚·
1086 2463 1125 2501 &
1139 2458 1399 2514 tandeminff,

75 2509 155 2550 alia
169 2513 376 2561 poste-riori
393 2514 596 2553 relatione
614 2538 625 2556 ‚
642 2513 736 2552 satis
752 2515 942 2554 dubitans
957 2514 1008 2553 de
1027 2513 1214 2562 allegatae
1232 2509 1405 2550 infirmi-

73 2562 175 2619 tatis
189 2574 396 2612 praetextu,
413 2578 502 2605 rem
517 2565 787 2606 decidendam
804 2566 1005 2616 relinquit
1022 2565 1285 2606 conscientiae
1298 2562 1406 2602 Ora-

73 2622 176 2672 torrs
193 2641 205 2660 ,
235 2615 470 2658 insinuando
495 2617 797 2659 concessionem
826 2617 977 2658 indulti
1002 2629 1096 2657 cum
1121 2629 1247 2659 onere
1270 2615 1404 2667 perso·-

75 2667 228 2705 naliter
255 2668 533 2713 inserviendi,
559 2671 655 2709 dnm
683 2670 865 2719 pedester
892 2697 906 2717 ‚
939 2679 1011 2710 aut
1035 2670 1259 2720 equitando
1285 2679 1403 2709 com-

74 2719 195 2761 mode
213 2722 371 2771 poterit
396 2723 448 2763 ad
463 2723 708 2765 Oratorium
730 2724 929 2767 accedere
943 2749 957 2772 2
969 2724 1075 2765 citra
1089 2724 1315 2765 notabilem
1328 2731 1403 2810 xia·

1357 2783 1400 2812 en>
