1934 2954
127 186 219 234 *5⁶s5·
241 198 303 233 24.
335 197 410 236 cap.

132 243 189 276 18.
205 238 250 276 de
263 238 347 287 Res.

129 1598 222 1647 Sffss.
243 1611 302 1636 22.
335 1606 413 1649 cap.

132 1664 163 1688 1.
179 1650 224 1687 de
239 1647 326 1702 Res.

506 144 524 167 2
534 129 582 166 26

450 176 811 270 RHEGINEN.
844 176 1232 218 PAROCHIALIS
1248 207 1258 217 .
1294 177 1338 217 In
1353 177 1689 228 congregatione
1713 177 1860 217 habita

561 231 629 270 die
651 243 711 278 ²9-
730 231 929 278 praeteriti
960 232 1104 270 mensis
1141 229 1312 280 Augusti
1345 229 1514 270 definita
1546 242 1627 270 non
1657 228 1742 268 fuit
1768 231 1857 270 haec

503 282 650 328 Causa,
669 283 984 323 rescribentibus
1004 281 1169 324 EE.PP.
1186 299 1213 320 =
1233 282 1368 321 Dilata
1382 299 1411 319 =
1424 312 1435 323 .
1458 281 1615 322 Iterum
1637 294 1744 321 nunc
1763 292 1856 331 pro·

503 335 671 388 ponitur
685 359 700 379 ‚
715 343 761 374 ut
777 333 1021 385 reassumpto
1039 335 1156 376 Folio
1187 347 1260 384 pro
1287 334 1398 375 dieta
1426 334 1761 386 Congregatione
1789 335 1855 376 di-

504 390 671 430 stributo
690 387 769 426 EE.
788 388 882 428 VV.
899 387 1123 437 dignentur
1137 387 1306 427 definire
1322 417 1334 427 .

508 443 539 482 I.
554 445 625 482 An
647 440 776 489 constet
803 441 848 477 de
875 439 1124 479 irrationabili
1147 438 1297 493 judicio
1326 442 1480 478 Domini
1511 441 1662 479 Vicarii
1690 441 1845 491 Capitu-

612 493 699 530 laris
717 495 833 543 quoad
848 492 898 531 R.
920 495 972 532 D.
987 495 1241 545 Hyacinthum
1272 492 1489 542 Capparella
1513 497 1739 542 reprobatum
1767 497 1842 532 ὶη.)

610 548 726 595 primo
741 546 912 594 concursu
927 544 947 582 ἃ
960 546 1013 585 Et
1033 553 1234 596 quatenus
1247 545 1496 583 affirmative
1512 574 1523 583 .

482 597 536 638 11.
548 598 1081 648 Anfignandaſstsupplicatio
1093 599 1227 646 favore
1238 599 1345 647 ipfius
1361 596 1576 648 Capparella
1589 621 1604 642 ‚
1635 597 1698 636 vel
1724 601 1844 648 potius

611 651 844 689 celebrandus
851 651 904 700 fit
918 664 1029 689 novus
1047 651 1244 700 Concursus
1265 650 1286 687 ε’

457 703 531 743 III.
548 705 621 743 An
632 702 762 744 conflet
773 703 819 740 de
831 707 1019 742 attentatis
1049 706 1225 751 comrm'ffi's
1235 713 1298 752 pro
1313 703 1477 752 secundo
1508 701 1692 750 Concursu
1723 703 1846 740 habito

602 757 782 806 pendente
811 756 1051 804 appellatione
1076 771 1098 794 a
1120 760 1236 805 primo
1254 779 1266 799 ‚
1296 759 1395 794 itaut
1419 754 1836 805 circumscriben'dastm

610 811 727 845 omnia
741 811 780 844 in
795 808 941 857 eogesta
955 808 975 845 ,θ
990 809 1042 847 Et
1052 817 1252 859 quatenus
1270 809 1465 857 negative
1482 836 1492 846 .

457 859 534 900 IV.
549 858 624 897 An
639 859 769 908 constet
781 861 825 896 de
834 861 1080 899 irrationabili
1084 859 1230 913 judicio
1242 862 1289 898 R.
1309 862 1362 898 D.
1382 863 1428 898 V
1423 862 1530 899 icarii
1545 858 1766 906 Capitularis
1785 856 1846 896 la-

611 920 648 948 to
654 911 788 959 favore
805 913 852 950 R.
870 913 922 950 D.
938 913 1125 961 paschalis
1145 913 1287 951 Barilla‘
1300 915 1484 962 approbati
1513 916 1552 949 in
1567 913 1729 961 secundo
1752 914 1845 951 Con-

612 963 721 1012 cursu
734 961 756 999 ?
771 963 826 1001 Et
842 973 1046 1014 quatenus
1068 965 1261 1014 negative
1274 994 1286 1004 .
1364 1001 1368 1004 Δ

479 1013 529 1052 V.
544 1014 616 1053 An
621 1016 672 1064 stt
674 1016 853 1064 signanda
860 1015 1082 1065 supplicatio
1087 1017 1222 1064 favore
1248 1018 1350 1066 ipfius
1375 1017 1518 1056 Barilla
1535 1041 1548 1061 ‚
1578 1027 1763 1066 tamquam
1777 1025 1842 1065 ap-

603 1069 748 1116 probati
761 1068 804 1104 ab
821 1068 944 1106 eodem
968 1070 1123 1106 Vicario
1155 1069 1362 1118 Capitulari
1386 1073 1425 1106 in
1435 1070 1594 1117 secundo
1627 1069 1810 1118 Concursu
1828 1093 1843 1112 ,

614 1119 679 1158 vel
685 1122 805 1168 potius
823 1118 1057 1159 celebrandus
1060 1121 1112 1170 sit
1125 1134 1238 1160 novus
1261 1122 1454 1170 Com-uisus
1469 1145 1483 1166 ‚
1499 1126 1538 1159 in
1551 1122 1636 1170 casu
1649 1124 1726 1165 &a

557 1275 627 1316 Ad
640 1274 673 1328 Ῑ,
700 1275 965 1318 Affirmative
982 1306 994 1318 .
1022 1277 1090 1317 Ad
1107 1277 1163 1317 11.
1180 1276 1447 1318 Affirmative
1476 1277 1526 1318 ad
1555 1277 1729 1324 primam
1755 1287 1852 1325 par-

609 1337 699 1368 tem
716 1355 729 1374 ‚
758 1330 950 1379 negative
976 1329 1026 1369 ad
1056 1330 1276 1372 secundam
1292 1360 1302 1370 .
1329 1330 1398 1370 Ad
1415 1330 1492 1370 111.
1510 1330 1584 1370 IV.
1611 1330 1650 1370 &
1668 1328 1721 1368 V.
1746 1327 1851 1368 Pro·

609 1379 741 1420 visum
756 1381 797 1420 in
812 1381 1152 1425 antecedentibus
1169 1411 1180 1422 .

456 1590 551 1679 N
568 1588 774 1631 ULLIUS
813 1589 1041 1630 MONTIS
1084 1590 1278 1632 CASINI
1311 1620 1321 1631 .
1378 1590 1575 1631 Sacerdos
1619 1588 1847 1630 Bernardus

581 1642 836 1693 Evangelista
865 1643 1046 1692 pluribus
1067 1646 1178 1683 annis
1197 1643 1409 1684 Medicam
1431 1645 1584 1684 Artem
1608 1642 1791 1682 exercuit
1807 1641 1850 1682 in

510 1693 700 1734 Civitate
714 1695 752 1734 S.
773 1695 1124 1745 Germanivigore
1144 1696 1302 1736 Indulti
1316 1696 1542 1745 Apostolici
1573 1694 1611 1734 ei
1637 1693 1811 1734 conceffi
1830 1717 1848 1739 ,

511 1756 560 1786 ut
575 1748 700 1787 moris
714 1749 767 1787 est
783 1774 796 1792 ,
815 1747 944 1786 donec
959 1747 1011 1786 de
1027 1749 1166 1798 aliquo
1181 1748 1387 1788 Beneficio
1398 1745 1852 1795 refidentiaiiprovide-

510 1808 627 1839 retur
654 1812 670 1839 2·
695 1800 734 1838 ἃ
766 1799 881 1838 unus
914 1799 1157 1840 exercitium
1199 1799 1472 1840 intermissum
1491 1825 1504 1845 ,
1543 1800 1752 1849 postquam
1779 1808 1850 1837 an·-

511 1863 566 1889 no
588 1864 701 1900 1749.
715 1849 948 1902 assequutus
964 1851 1045 1891 fuit
1060 1852 1360 1893 Canonicatum
1386 1851 1690 1901 Theologalem
1706 1851 1746 1889 in
1777 1850 1852 1889 Ec-

513 1903 633 1942 elefia
650 1901 886 1953 Collegiata
908 1903 1088 1949 ejusdem
1107 1905 1304 1945 Civitatis
1322 1931 1335 1951 ‚
1354 1906 1489 1945 denuo
1509 1901 1759 1953 reaffumpfit
1777 1914 1851 1942 an-

513 1967 566 1993 no
588 1967 702 2002 1757.
714 1956 854 2005 vigore
872 1956 1042 1995 alterius
1063 1956 1219 1997 indulti
1231 1958 1360 1997 Sacra:
1375 1959 1492 2004 hujus
1509 1954 1852 2006 Congregationis

512 2008 688 2047 conceffi
699 2018 765 2057 per
779 2022 911 2046 annum
927 2018 1068 2046 tautum
1086 2036 1099 2055 ,
1107 2010 1142 2057 fi
1153 2011 1284 2048 tandiu
1297 2014 1451 2060 penuria
1468 2010 1700 2047 Medicorum
1709 2007 1849 2058 perdu-

513 2064 658 2099 raverit
669 2091 678 2099 .
696 2060 801 2099 Cum
819 2069 958 2100 tamen
977 2062 1059 2110 post
1076 2073 1223 2100 aunum
1238 2063 1286 2100 ab
1299 2063 1526 2102 exercenda
1539 2060 1752 2100 Medicina
1768 2069 1850 2098 non

509 2111 724 2152 destitiffet
738 2126 754 2153 ‚·
771 2112 869 2152 ideo
887 2113 1065 2152 aliorum
1082 2113 1346 2154 Medicorum
1364 2114 1530 2154 nomine
1545 2125 1687 2163 preces
1704 2112 1848 2151 oblatae

510 2164 603 2203 sunt
620 2164 715 2204 huic
733 2165 860 2204 Sacrae
876 2165 1198 2216 Congregationi
1216 2191 1228 2211 ‚
1240 2167 1383 2217 quibus
1399 2167 1615 2217 petebatur
1631 2191 1645 2210 ,
1673 2174 1717 2204 ut
1732 2162 1848 2202 illius

510 2216 686 2260 licentia
706 2217 968 2257 cohiberetur
981 2220 1100 2258 ‚tum
1113 2218 1332 2266 praesertim
1361 2219 1560 2261 docerent
1588 2216 1848 2266 Magistratus

502 2268 747 2309 >testimonio
764 2270 860 2315 ‚sex
877 2268 1010 2310 adesse
1026 2269 1215 2320 Phyficos
1232 2271 1272 2310 in
1288 2271 1477 2312 Civitate
1494 2297 1510 2318 ‚
1537 2277 1681 2322 praetex
1705 2265 1846 2306 Medi·
1894 2308 1907 2320 -.

510 2331 607 2360 cum
624 2320 899 2362 Ordinarium
913 2321 1153 2363 Monasterii
1170 2322 1404 2364 Caffinenfis
1420 2354 1432 2364 .
1646 2364 1649 2365 γ

459 2371 642 2413 Auditus
657 2371 740 2414 fuit
754 2373 1029 2419 ordinarius,
1066 2375 1134 2425 qui
1157 2376 1267 2415 suam
1285 2389 1364 2416 non
1391 2374 1574 2425 aperiens
1605 2371 1732 2413 animi
1749 2370 1849 2411 Sen-

513 2426 694 2472 tentiam
711 2426 860 2467 retulit
872 2451 887 2472 ‚
902 2426 1134 2477 Civitatem
1151 2427 1190 2467 S.
1210 2428 1437 2474 Germani,
1457 2439 1549 2468 cum
1562 2424 1752 2471 subjeffis
1770 2423 1850 2463 Ca·-
1894 2437 1901 2474 ,ζ

513 2477 662 2517 salibus
678 2504 690 2523 ‚
720 2477 918 2518 refertam
932 2477 1011 2519 esse
1039 2479 1206 2528 copioso
1224 2493 1395 2521 numero
1419 2481 1483 2520 sex
1513 2479 1631 2518 mille
1644 2477 1851 2516 Habitan-

514 2530 640 2573 tium,
659 2540 802 2578 praeter
817 2531 982 2570 stativos
999 2531 1166 2572 Milites
1183 2544 1194 2571 z
1209 2533 1247 2573 Sc
1267 2534 1308 2573 in
1325 2546 1371 2573 ea
1391 2542 1474 2572 tres
1493 2530 1682 2570 Medicos
1699 2525 1851 2574 adesse,

516 2581 780 2636 totidemque
793 2581 1018 2634 chirurgos
1029 2608 1041 2628 ‚
1059 2596 1232 2635 quorum
1247 2586 1328 2626 duo
1343 2581 1557 2626 access‘orie
1577 2592 1739 2633 quoque
1754 2580 1852 2620 Me-

515 2631 698 2674 dicinam
723 2645 948 2683 exercent,
976 2638 1190 2678 nerninem
1221 2645 1358 2676 tamen
1384 2634 1547 2686 publice
1578 2632 1852 2673 conductum:

515 2682 713 2723 immobx
735 2685 915 2726 Medicis
943 2688 1123 2728 alterum
1151 2688 1401 2729 Monialibus
1430 2686 1661 2731 medendis,
1676 2686 1859 2740 alterum

1790 2746 1852 2774 in-
