1934 2954
361 204 440 246 248

303 281 399 315 Milsas
412 279 614 310 Conventuales
625 280 757 316 applicare
769 290 895 310 tenentur
906 291 956 316 pro
971 284 1053 309 Bene-

337 315 490 346 factoribus
502 317 636 345 Canonici
649 315 768 345 Ecclesiae
779 316 969 357 Collegiataes.
984 315 1054 345 Ruf-

337 351 389 383 filli
401 374 407 380 .
426 351 545 380 Nullius
566 351 596 380 S.
611 350 716 390 Ruffilli
739 351 886 382 Provincia
908 351 1058 382 Ravenna-

339 397 383 416 ten
404 393 429 416 8.
443 387 555 426 Augusti
567 387 605 415 ad
615 387 640 415 I.
654 388 786 426 duh.pag.
806 393 862 422 156.

303 421 451 454 Missarum
458 422 692 452 Conventualium
704 423 828 452 redufflo
840 422 876 452 ad
888 422 947 452 dies
958 424 1057 452 Domi·

339 459 418 488 nicos
436 467 545 487 tantum
567 457 716 496 denegatur
728 480 735 487 .
754 458 856 487 Ibidem
875 459 914 488 ad
931 458 974 487 ΙΙ.
994 459 1056 488 dub.

303 499 651 570 MiplllfiuirsiG'eleemosyna
661 530 766 567 integra
788 529 903 570 debetur
914 529 1055 570 Sacerdoti

339 563 488 595 substituto
511 574 527 592 a
537 565 704 608 Cappellano
726 565 899 595 fundationis
910 565 1033 599 Cappelh
1047 586 1055 594 .

338 599 455 630 Januen.
467 599 700 637 cappellanzarum
713 611 754 635 ις.
767 600 875 638 Aprilis
885 601 923 630 ad
932 600 952 629 I
953 599 989 630 V.
996 599 1058 629 dub.

342 647 379 672 pa
400 659 406 664 .
420 640 462 671 85.
609 666 612 671 ,

307 647 454 701 Μίίῖἔωῐη
476 671 515 701 ob
527 672 681 710 neglectam
699 670 913 701 celebrationem
938 670 1058 701 rescribi—

327 711 406 736 'turz
427 707 476 737 Ad
482 707 522 736 D.
540 708 716 737 Secretarium
727 718 784 736 cum
796 706 962 747 Sanbiiffimo
973 729 983 747 ³.
997 707 1058 745 jux-

340 751 370 771 ta
382 753 493 772 mentem
513 755 520 772 ε
539 743 575 773 In
598 742 760 772 Placentina
781 751 997 771 commutationis
1009 753 1059 773 νο-

341 777 457 818 luntatis
471 783 495 809 8.
509 778 621 819 Augusti
629 790 693 817 pag.
709 783 767 813 148.

307 812 396 844 Miffae
409 813 573 843 Parochialis
582 823 706 848 tempore
718 835 729 847 ,
747 813 792 843 vel
804 822 884 842 antea
894 824 951 842 non
959 822 1055 842 tenen-

342 857 387 878 tur
410 850 535 879 Minores
558 849 762 877 conventuales
774 872 782 883 ‚
801 850 887 877 etiam
911 850 1012 877 moniti
1025 848 1061 877 ab

341 882 500 920 Episcopo,
519 883 548 913 se
569 883 706 912 abstinete
728 893 744 911 a
767 882 934 912 celebrandis
954 882 1040 912 Missis
1052 907 1062 918 ,

342 917 458 954 aliisque
479 918 640 955 peragendis
657 916 868 952 funstionibus‚
887 919 973 947 etiam
996 929 1060 948 cum

342 952 436 984 sonitu
445 955 651 989 Campanatum
666 976 672 981 .
691 953 855 992 squillacen.
877 953 1062 982 celebrationis

342 988 488 1030 Missurum
501 988 527 1019 ἐν’
537 988 713 1018 functionum
722 988 943 1019 Convenzualium
955 992 997 1018 28.
1009 988 1072 1017 fe„

346 1023 447 1065 ᾆηιανιι
460 1049 468 1060 ,
481 1021 514 1054 ’ἃ
527 1029 552 1058 8.
562 1024 677 1064 Augusti
684 1036 748 1065 pag.
762 1023 846 1065 ,ις-,ῥ’
858 1035 917 1058 152.

310 1057 456 1089 Musarum
478 1069 563 1088 onera
574 1081 584 1093 ,
602 1069 666 1088 ante
689 1068 905 1094 acceptationem
927 1058 1062 1088 reducun-

344 1103 390 1123 tur
400 1094 436 1123 ad
447 1095 583 1124 rationem
592 1093 774 1129 eleemosynae
782 1103 917 1129 perpetuae
924 1104 974 1128 pro
986 1095 1062 1131 lega-

347 1139 379 1159 to
388 1128 508 1159 habente
519 1128 683 1165 praefinitum
697 1129 806 1159 illarum
814 1139 961 1158 numerum
970 1153 978 1164 ‚
997 1133 1023 1158 &
1032 1128 1068 1158 ad

344 1166 484 1194 rationem
495 1162 763 1199 manualis,deduffls
775 1164 894 1200 expensis
903 1164 1068 1198 utenfilium,

343 1210 396 1236 pro
407 1201 501 1239 legato
512 1200 566 1230 sine
577 1199 722 1230 Miffarum
731 1199 865 1236 praefinioe
875 1210 1000 1230 numero.
1008 1199 1069 1229 Fa-

345 1246 405 1265 nen.
416 1237 578 1265 reduffionis
587 1235 732 1300 Miq'arum
747 1247 757 1265 1
783 1258 788 1263 .
802 1235 944 1266 Februarii
951 1246 1064 1274 paguo.

312 1270 461 1301 Miffatum
474 1270 594 1301 utensilia
607 1270 635 1301 so
647 1271 737 1301 venda
771 1281 819 1300 unt
831 1271 997 1307 Cappellano
1008 1273 1065 1301 Cu!

345 1316 408 1336 raro
420 1317 470 1342 pro
482 1307 569 1336 modo
582 1308 742 1342 quantitatis
751 1308 844 1340 Cerae,
862 1308 947 1341 Vini,
961 1310 988 1335 &
1000 1308 1063 1336 Ho-

346 1341 403 1372 stiae
415 1342 450 1371 ab
461 1352 495 1371 eo
508 1341 718 1371 subministratae
732 1363 739 1369 .
755 1341 860 1372 Fanen-
883 1342 1064 1378 exequutionis

343 1378 504 1441 ffefr‘eitobrum
523 1377 607 1406 Sacra
621 1376 788 1414 Vzfitationis
811 1380 854 1405 28.
865 1376 1005 1406 Februarii
1027 1378 1066 1407 ad

384 1435 390 1441 .
420 1424 437 1441 u
456 1435 461 1442 .
470 1424 509 1449 pa
530 1435 536 1441 .
553 1417 593 1446 38.
680 1447 684 1452 Ι

312 1447 459 1478 Miffarum
482 1424 619 1482 ugnsilia,
639 1446 738 1483 quibus
759 1457 905 1478 occurrunt
927 1449 1061 1478 Canonici

345 1484 533 1513 communiter
544 1507 552 1518 ,
572 1481 703 1512 solvenda
720 1493 776 1522 non
789 1483 850 1512 sunt
862 1485 1060 1519 particulariter

345 1528 364 1547 a
372 1520 517 1548 Canonico
527 1529 577 1554 pro
587 1518 684 1554 legatis
697 1518 796 1547 relistis
810 1518 858 1548 suo
870 1521 1040 1548 canonicatui
1051 1541 1058 1547 .

345 1553 462 1583 ,Nullius
478 1553 528 1591 seu
539 1553 564 1582 F
566 1554 652 1593 arfen.
666 1564 707 1583 21.
716 1552 880 1584 Novembris
903 1555 940 1583 ad
952 1555 988 1585 V.
999 1556 1059 1585 dub.

368 1601 386 1618 a
407 1612 412 1618 .
427 1599 489 1620 201.

310 1600 459 1655 Milsfrum
470 1635 554 1654 onera
566 1624 694 1654 AEdiculae
705 1624 879 1660 profanandae
896 1624 1060 1655 transferun-

347 1669 393 1690 tur
412 1660 446 1690 ad
459 1660 604 1690 Ecclesiam
617 1662 756 1695 Maiorem
770 1682 780 1694 ‚
797 1661 877 1690 auc'to
888 1661 996 1690 illarum
1008 1672 1059 1690 nu-

344 1705 425 1725 mero
436 1702 487 1731 pr'o
499 1696 587 1725 modo
598 1695 756 1730 pensionum
777 1705 793 1723 a
805 1696 941 1725 locatione
950 1697 1060 1725 AEdicu-

345 1731 380 1760 1ae
379 1729 539 1793 [profanatae
550 1731 639 1760 retrah
644 1730 782 1760 endarum.
793 1731 812 1759 I
811 1743 828 1759 n
839 1731 973 1761 Firmana
983 1732 1060 1761 AEdi-

347 1776 378 1794 cu
390 1777 405 1794 a
420 1777 460 1795 12.
474 1766 631 1795 Decembris
639 1777 678 1802 pa
700 1787 705 1792 .
718 1777 778 1799 230·

312 1801 460 1831 Missarum
475 1802 614 1830 transsatio
627 1801 662 1829 ad
685 1800 819 1830 “cclefiam
831 1801 994 1830 Monasterii
1004 1813 1062 1838 per-

347 1837 447 1865 mittur
458 1860 467 1872 ,
486 1835 615 1865 ommiffa
638 1846 717 1864 nova:
740 1835 859 1865 Ecclefiae
883 1835 1064 1867 aedificatione

346 1870 529 1907 praescriptaa
538 1870 683 1900 Testatore
697 1893 704 1899 .
723 1869 759 1899 In
770 1870 930 1901 Placentina
953 1883 1064 1901 commu-

350 1907 462 1935 tationis
471 1907 620 1936 voluntatis
634 1911 659 1935 8.
672 1906 709 1934 A'
731 1906 783 1946 *usti
790 1918 828 1943 pa
848 1930 854 1936 .
871 1911 928 1942 148.

315 1941 452 1973 Monaehi
464 1941 656 1972 Cistercienses
666 1917 780 1982 Otffinis
790 1945 814 1971 S.
849 1943 955 1973 emardi
967 1953 1064 1979 neque-

351 1987 400 2006 unt
412 1978 528 2007 retinere
538 1978 701 2007 Oratorium
710 1986 849 2013 privatum
868 1979 897 2006 in
908 1979 1002 2008 Rurali
1012 1979 1063 2008 do-

349 2023 400 2042 mo
419 2012 585 2042 Monasterii
599 2037 606 2042 .
627 2012 762 2042 Toletana
781 2012 939 2051 visitationis
963 2014 1064 2043 Orato-

349 2049 384 2076 rii
396 2059 439 2082 29·
452 2048 565 2089 Augusti
574 2049 612 2077 ad
620 2048 647 2077 Ι.
659 2048 718 2077 dub.
729 2059 792 2088 pag.
807 2055 864 2082 163.

315 2082 453 2121 Monachi
477 2084 597 2119 praedilsti
619 2093 757 2119 nequeunt
766 2094 794 2112 in
805 2085 939 2112 Oratorio
956 2085 1065 2120 privato

349 2119 446 2148 audire
469 2119 682 2149 Sacramentales
694 2117 878 2148 Confessiones
902 2118 1063 2151 secularium

347 2153 462 2183 servitio
486 2154 650 2183 Monasterii
673 2154 847 2183 addictorum
865 2176 874 2187 ,
892 2155 1063 2191 aliarumque

346 2188 529 2219 Personarum
541 2190 575 2218 ad
586 2189 746 2225 praedistum
757 2191 920 2219 Oratorium
932 2191 1062 2220 acceden-

348 2226 420 2254 tium
429 2246 439 2258 ,
458 2223 550 2261 eisque
561 2225 616 2254 alia
626 2227 799 2254 Sacramenta
811 2224 974 2254 ministrare.
989 2226 1060 2256 Ibid.

347 2261 387 2288 ad
397 2259 440 2290 II.
452 2260 585 2299 dub.pag.
599 2267 658 2294 163.

314 2295 472 2325 Monachus
483 2296 584 2333 degens
595 2297 624 2324 in
636 2294 765 2332 praediCta
787 2295 882 2324 Rurali
894 2295 980 2324 domo
994 2299 1060 2325 Mo-

346 2330 458 2360 nasterii
481 2342 538 2360 non
550 2341 656 2361 tenetur
676 2330 803 2360 exhibere
814 2331 966 2360 Ordinatio
976 2332 1060 2360 licen-

349 2368 417 2394 tiam
427 2365 468 2395 sui
483 2368 633 2402 Superioris
641 2366 819 2402 permanendi
830 2376 905 2396 extra
916 2366 1041 2396 Claustra
1051 2388 1058 2396 .

346 2400 416 2429 Jbid.
430 2402 469 2430 ad
479 2401 515 2431 V.
526 2402 586 2431 dub.
597 2413 661 2441 pag.
676 2407 734 2437 163.

362 2471 368 2475 λ
381 2437 415 2464 Et
427 2435 480 2466 hoc
498 2438 579 2472 pasto
591 2437 749 2472 providetur
760 2436 852 2472 quoad
859 2437 963 2473 reliqua
973 2436 1059 2467 dubia

344 2480 416 2510 circa
441 2472 670 2507 approbationem
693 2472 925 2501 Confcssariorum
937 2497 946 2508 ,
964 2472 1060 2503 Vifita-

344 2516 451 2534 tionem
463 2509 587 2537 Oratoiii
598 2532 606 2542 ,
625 2512 653 2538 δε
661 2507 769 2537 decreta
780 2507 947 2537 Visitationis
959 2529 967 2536 .
985 2508 1057 2538 Ibid.

343 2540 382 2568 ad
393 2540 451 2569 III.
462 2541 521 2581 JV.
534 2541 561 2571 δ’
576 2543 629 2572 Vl.
643 2544 777 2582 dub.pag.
794 2550 852 2577 163.

314 2575 479 2616 Monastetu¹
491 2575 615 2616 fundatio
629 2589 678 2614 pro
690 2578 774 2608 tribus
788 2577 934 2608 Monachis
944 2578 1057 2608 Ordinis

344 2613 368 2638 S.
382 2610 537 2651 Benedicti,
556 2616 582 2651 Sc
604 2623 659 2642 uno
671 2636 680 2646 ,
704 2614 749 2643 vel
772 2613 879 2643 duobus
892 2614 1035 2643 Conversis
1047 2639 1056 2650 ,

344 2655 408 2674 cum
417 2647 550 2678 Oratorio
563 2657 590 2674 in
604 2649 707 2677 Praedio
718 2647 868 2678 Testatoris
903 2660 1058 2679 commuta-

879 195 1283 240 INDEX

1124 282 1309 310 committitur
1329 279 1546 309 Eminentissimo
1572 278 1702 309 Praefe'sto
1717 302 1723 308 .
1744 279 1780 309 In
1797 279 1852 312 Ra-

1124 326 1207 345 mana
1221 316 1297 355 juris
1320 317 1497 351 nominandi,
1517 315 1543 345 ξθ
1564 316 1718 354 acceptandi
1729 314 1850 345 Puellas

1131 357 1174 380 28.
1188 351 1329 380 Februarii
1337 362 1401 389 pag.
1414 362 1458 385 42.

1095 387 1234 418 Moniales
1257 385 1429 415 Sanstiffima:
1440 388 1611 416 Annuntiatae
1636 385 1738 422 absque
1752 385 1852 416 scruti-

1128 424 1177 451 nio
1189 432 1314 452 tenentur
1325 431 1464 457 acceptare
1476 445 1484 457 ‚
1503 423 1593 457 quoad
1611 423 1796 458 receptionem
1810 421 1849 452 ad

1129 457 1257 487 habitum
1281 467 1388 486 tantum
1401 481 1408 493 ‚
1429 468 1481 486 tres
1506 458 1608 487 Puellas
1633 459 1792 487 nominatas
1809 457 1848 487 ab

1126 492 1433 522 Archiconfraternitate
1446 492 1615 522 Sanctiffimae
1625 495 1798 522 Annuntiatae
1806 495 1850 522 vi·

1126 539 1194 566 gore
1207 528 1328 565 specialis
1340 527 1562 563 jurispatronatus
1575 551 1581 556 .
1590 527 1849 568 Romanajurisno-

1129 565 1252 628 7ΙηὶΞαῖᾱὶ
1264 588 1273 599 ,
1292 562 1318 594 ἃ
1330 564 1483 600 accepeandi
1496 562 1609 591 Puellas
1628 575 1669 597 29.
1687 563 1801 603 Augusti
1813 564 1853 594 ad

1150 622 1156 628 .
1187 611 1203 628 u
1222 622 1227 627 .
1259 611 1276 628 a
1297 622 1302 629 .
1318 605 1376 632 163.

1093 635 1232 665 Moniales
1238 611 1376 670 {rgdiekae
1400 644 1536 671 coguntur
1560 644 1698 669 acceptare
1722 643 1753 662 ut
1767 633 1849 670 supra

1129 672 1314 707 Margaritam
1327 670 1457 698 Gubbiefi
1470 671 1644 698 nominatam
1656 669 1692 709 ab
1701 668 1852 699 Archicon-

1130 705 1300 735 fraternitate
1311 728 1320 739 ,
1329 716 1392 734 cum
1406 704 1525 734 clausola
1536 717 1542 733 :
1555 705 1589 733 ad
1602 703 1852 735 Eminentiffimum

1131 740 1292 783 Praefectum
1305 742 1340 770 ad
1353 750 1475 771 mentem
1496 752 1502 768 ι
1517 762 1524 769 .
1544 740 1615 769 Ibid.
1627 741 1664 768 ad
1673 739 1717 768 II.
1727 740 1787 769 duh.
1796 751 1852 778 pa-

1145 788 1181 806 m.
1197 784 1225 805 16
1248 799 1255 806 .

1125 788 1145 815 g
1161 814 1195 841 Et
1212 787 1267 841 hin
1279 813 1359 848 pasto
1371 810 1514 847 provisum
1539 810 1591 840 fuit
1604 810 1696 847 quoad
1708 809 1853 841 caducita-

1131 857 1188 876 tem
1200 857 1294 877 contra
1305 858 1350 878 eas
1362 849 1477 883 petitam
1492 870 1498 875 .
1518 847 1589 876 Ibid.
1604 848 1640 875 ad
1652 846 1688 874 ΙΙ
1688 845 1711 874 I.
1722 846 1783 886 dub.

1096 885 1213 912 Morum
1225 884 1457 918 contemplatione
1471 881 1636 911 substinetur
1659 881 1772 916 rejeC'tio
1783 891 1853 910 con-

1131 920 1261 947 currentis
1274 919 1309 947 ad
1323 918 1511 948 Parochialem
1526 941 1532 945 .
1552 917 1588 946 In
1601 917 1739 954 Caffiznaen.
1763 916 1854 945 Paro*

1131 953 1230 981 clu'alis
1242 964 1284 982 21.
1297 953 1459 983 Novembris
1470 965 1532 991 pag.
1548 963 1608 987 ²09·

1095 990 1213 1017 Morum
1225 989 1457 1024 contemplatione
1470 988 1632 1023 reprobatur
1649 988 1767 1023 rejestio
1785 997 1852 1016 con-

1130 1024 1262 1052 currentis
1285 1023 1321 1052 ad
1338 1024 1526 1053 Parochialem
1541 1045 1547 1051 .
1567 1023 1603 1052 In
1615 1023 1779 1052 Lancianen.
1791 1022 1852 1053 Ar-

1132 1057 1369 1099 chipresbyteratus
1383 1069 1422 1094 ¹9·
1436 1058 1596 1096 Septembris
1604 1069 1674 1096 pag.
1689 1062 1748 1093 184.

1442 1145 1514 1216 O

1184 1272 1319 1302 Blationes
1326 1272 1397 1301 cerei
1410 1271 1572 1301 addicuntur
1583 1271 1668 1300 Altari
1680 1272 1705 1299 S.
1717 1272 1855 1308 Georgei,·

1193 1310 1267 1343 cujus
1279 1308 1510 1343 contemplatione
1532 1307 1619 1343 fiunt,
1638 1307 1747 1341 reliqua:
1770 1305 1852 1336 fastae

1136 1342 1368 1378 contemplatione
1381 1346 1396 1371 S
1417 1342 1584 1371 Aldebrandi
1595 1367 1603 1378 ‚
1622 1344 1666 1371 cui
1678 1342 1801 1370 dicatum
1809 1340 1852 1370 est

1134 1379 1298 1408 Oratorium
1311 1378 1494 1413 sti-ibuuntui·
1516 1378 1606 1407 eidem
1630 1378 1764 1407 Oratorio
1775 1400 1785 1412 ‚
1799 1375 1851 1405 sub

1133 1413 1370 1442 administratione
1388 1412 1512 1448 Episcopi
1528 1436 1534 1442 .
1555 1413 1589 1442 In
1604 1411 1727 1447 Forosem
1747 1413 1849 1441 ranien-

1122 1448 1229 1487 jurium
1252 1448 1454 1477 Parocliialium
1479 1458 1520 1482 ²5·
1536 1448 1644 1485 Aprilis
1662 1452 1698 1475 ad
1747 1446 1773 1474 Ι.
1787 1446 1849 1475 dub.

1095 1488 1446 1559 OEffgffbffii'provifitynalcs
1465 1520 1494 1547 in
1506 1517 1627 1558 Ecclefiis
1640 1516 1848 1558 lffarocliialibus

1132 1553 1258 1583 locorum
1268 1553 1369 1583 Rhodii
1382 1578 1391 1589 ‚
1409 1558 1436 1583 δι
1449 1557 1474 1582 5.
1490 1556 1583 1582 Mauri
1597 1552 1782 1588 subjectorum
1795 1555 1846 1580 Ba-

1131 1590 1258 1624 iulivatui
1269 1592 1293 1618 S.
1308 1589 1466 1625 Euphemiae
1482 1589 1595 1618 Ordinis
1605 1586 1846 1622 Hierosoly-mani

1130 1624 1278 1660 deputandi
1291 1624 1352 1654 sunt
1365 1625 1400 1654 ab
1407 1623 1550 1660 Episcopo.
1560 1625 1739 1661 Caputaquen.
1754 1623 1848 1656 17.Ju-

1131 1661 1220 1688 nuarii
1232 1661 1269 1689 ad
1279 1660 1338 1690 ΙΙΙ.
1352 1660 1410 1689 dub.
1421 1672 1459 1697 pa
1480 1682 1485 1688 .
1501 1671 1525 1688 2.

1095 1694 1225 1735 Officium
1235 1694 1358 1724 Sisenatii
1372 1718 1382 1728 ‚
1401 1700 1427 1736 ὃς
1438 1671 1492 1736 {iffa
1505 1719 1513 1730 ,
1532 1705 1591 1730 quae
1613 1704 1661 1729 per
1671 1702 1784 1732 turnum
1796 1692 1847 1734 ob:

1131 1739 1250 1760 tinentur
1273 1741 1290 1760 a
1315 1733 1463 1760 Canonicis
1485 1730 1519 1760 de
1542 1728 1689 1758 Praebenda
1699 1752 1708 1763 ,
1727 1728 1848 1767 obtinet!

1131 1765 1239 1801 poffunt
1253 1767 1339 1795 etiam
1348 1776 1364 1795 a
1377 1767 1526 1794 Canonicis
1537 1762 1827 1804 nuncupatishde'solio

1132 1800 1187 1864 2νῖ
1198 1801 1232 1830 de
1243 1800 1321 1830 stallo
1335 1823 1342 1829 .
1361 1801 1521 1830 calaritana
1535 1812 1575 1834 17.
1589 1800 1716 1828 Ianuarii
1738 1797 1820 1827 adII
1837 1819 1847 1828 0

1151 1847 1167 1864 u
1185 1857 1192 1864 .
1259 1858 1265 1864 .
1278 1842 1302 1865 6.

1099 1848 1392 1901 Officiu'iiiagoamerarii
1406 1871 1442 1900 ad
1456 1871 1620 1900 eleffionem
1633 1869 1753 1906 Capituli
1765 1868 1846 1898 obire

1133 1907 1208 1936 valet
1227 1908 1383 1937 eanonicus
1395 1907 1612 1936 Poenitentiarius
1625 1930 1634 1941 ‚
1652 1917 1708 1934 non
1719 1904 1848 1934 obstante

1133 1944 1271 1971 contrario
1291 1943 1400 1971 decreto
1422 1941 1544 1977 Episcopi
1558 1952 1632 1971 extra
1655 1940 1792 1977 synodum
1804 1939 1848 1980 fa-

1133 1978 1179 2006 έὶο
1202 2001 1209 2007 .
1237 1977 1377 2016 Pifimren.
1398 1978 1595 2007 Cameran‘atus
1620 1987 1662 2006 21.
1682 1975 1847 2006 Novembris

1100 2024 1169 2077 Oiiii
1188 2024 1284 2078 {diiii’m
1297 2048 1437 2090 absolutio
1458 2059 1507 2084 pro
1519 2046 1605 2090 Missis
1626 2045 1845 2088 non-celebratis,

1134 2084 1179 2113 vel
1198 2095 1255 2113 non
1268 2085 1422 2120 applicatis,
1443 2083 1591 2114 consulitur
1602 2081 1770 2112 sanctissimo
1781 2103 1790 2111 .
1806 2079 1843 2119 It}

1133 2118 1296 2149 Placentina
1307 2121 1520 2149 commutationis
1530 2119 1680 2149 voluntatis
1695 2122 1720 2146 8.
1733 2116 1810 2153 Augu
1829 2125 1842 2142 t

1130 2154 1342 2221 ξὲἓιὲἕῖἑέιεὶ
1357 2154 1771 2225 ihfissmaf59⁰ffi⁶iw‘'‘²¹'
1814 2159 1843 2178 ⁰'

1096 2226 1190 2254 Onera
1203 2226 1382 2261 Cappellaniae
1393 2202 1449 2255 nolin
1459 2202 1552 2255 galeris
1564 2235 1610 2261 per
1618 2223 1645 2253 se
1655 2221 1741 2263 ipsum
1752 2219 1841 2250 adim-

1130 2261 1204 2296 plere
1217 2262 1396 2297 Cappellanus
1413 2272 1446 2291 ex
1458 2260 1528 2297 iusta
1540 2260 1619 2290 causa
1630 2283 1638 2294 ‚
1656 2258 1729 2299 adire
1757 2256 1841 2286 debet

1131 2296 1295 2333 Episcopum
1335 2298 1382 2333 qui
1394 2296 1522 2332 procedat
1533 2305 1613 2331 prout
1624 2294 1657 2323 de
1670 2302 1740 2328 jure.
1764 2291 1841 2320 Imov

1130 2331 1184 2360 len.
1197 2321 1373 2370 cappellania
1386 2337 1411 2361 8.
1420 2332 1532 2370 Augusti
1558 2341 1601 2369 ag-
1612 2339 1674 2370 ⁸151.

1095 2367 1190 2396 Onera
1205 2368 1343 2403 Hospitali
1355 2368 1477 2403 injuncta
1497 2370 1525 2396 in
1537 2342 1632 2406 figatis
1643 2361 1840 2403 suspenduntur

1128 2402 1165 2431 ad
1175 2412 1282 2438 tempus
1293 2427 1302 2439 ‚
1320 2413 1350 2432 ut
1362 2412 1518 2432 occurratur
1539 2402 1609 2430 illius
1623 2398 1778 2438 indigentiis
1788 2408 1841 2432 pro
1865 2404 1870 2414 Ἰ

1129 2439 1252 2475 AEgrotis
1273 2461 1279 2469 .
1299 2439 1335 2468 In
1355 2440 1506 2468 Cremonen.
1527 2432 1710 2474 ficppreffionls
1731 2444 1840 2462 onerum

1132 2478 1172 2501 28.
1187 2474 1328 2502 Eebruarii
1335 2485 1401 2512 pag.
1416 2479 1455 2508 38.
1741 2505 1746 2509 ,
1775 2505 1780 2509 ,

1095 2508 1220 2537 Onerum
1232 2510 1370 2538 transsatio
1377 2508 1411 2537 ad
1422 2509 1501 2537 aliam
1509 2504 1649 2535 Ecclesiam
1662 2509 1839 2544 permittitur:

1129 2543 1164 2572 In
1177 2543 1336 2573 Placentina
1347 2543 1557 2573 commutationis
1579 2541 1728 2570 voluntatis
1742 2543 1767 2567 8.
1778 2538 1841 2567 Are:

1125 2579 1192 2616 gusti
1201 2591 1265 2617 pag.
1281 2584 1351 2614 148„
1363 2578 1389 2608 ἃ
1399 2580 1428 2607 in
1440 2578 1569 2606 firmana
1581 2575 1705 2605 AEdicula
1721 2584 1763 2604 12.
1775 2573 1836 2602 De·

1127 2614 1236 2643 cembris
1243 2626 1308 2653 pag.
1322 2624 1383 2655 2530.

1092 2650 1218 2679 Onerum
1231 2650 1353 2678 redus'tio
1365 2672 1372 2677 .
1390 2647 1460 2678 Vide
1471 2647 1598 2676 Redueiio
1610 2670 1618 2677 .

345 2690 409 2716 tiit,
428 2681 556 2709 transsato
578 2691 659 2710 onere
684 2683 828 2713 Miffarum
849 2674 885 2713 ad
908 2684 1053 2714 Ecclesiam
1090 2686 1252 2714 Oratorium
1261 2688 1284 2713 S.
1293 2682 1607 2713 Aldebrandisubiicitur
1621 2681 1835 2715 iinmediataeiu-

345 2716 511 2745 Monasterii
524 2738 530 2744 .
550 2715 584 2745 In
595 2715 757 2746 Placentina
774 2721 988 2748 commutationis
1007 2731 1053 2750 νο-

345 2752 458 2780 luntatis
472 2756 496 2780 8.
510 2751 686 2791 Augustipag.
703 2757 761 2786 148.

307 2787 452 2818 moniales
465 2811 474 2822 ‚
492 2790 520 2819 &
542 2786 662 2818 Puellam
685 2785 866 2819 differitientes
890 2799 1055 2826 componere

1125 2718 1276 2748 xisdietioni
1288 2718 1412 2754 Episcopi
1425 2740 1435 2751 ‚
1454 2718 1666 2753 independenter
1674 2728 1690 2746 a
1701 2714 1835 2755 Parocho‚

1125 2759 1153 2783 δι
1166 2754 1294 2789 capitulo
1306 2753 1477 2783 Cathedralis
1489 2775 1498 2787 ‚
1518 2755 1596 2789 juxta
1617 2753 1733 2782 modum
1745 2762 1777 2780 ex
1798 2761 1836 2779 n-

1126 2789 1258 2826 mendum
1275 2799 1290 2818 a
1302 2791 1428 2821 Domino
1452 2790 1600 2819 Secretario
1613 2811 1620 2820 .
1640 2788 1675 2818 Ia
1697 2787 1769 2817 foro
1782 2797 1836 2815 em-

1771 2832 1836 2857 pro·-
