1934 2954
104 160 278 211 Sess.24.
295 167 440 214 cap.18.
532 122 760 207 ἒὲ-[ΑΝΑ
789 161 1180 205 PAROCHIALIS
1198 193 1207 203 .
1261 161 1330 202 Ad
1346 162 1630 207 parochialem
1647 167 1874 207 Ecclesiam

100 218 146 255 de
172 214 334 265 Reform,

543 221 581 260 S.
598 218 806 259 Leonardi
822 218 977 258 Casaiis
996 219 1135 258 Panzae
1167 215 1330 273 Isclana:
1348 216 1542 258 Dioecefis
1559 247 1572 266 ,
1603 229 1797 260 vacatam
1830 222 1871 260 'm

523 271 666 315 mense
687 273 898 312 reservato
912 299 926 318 ‚
957 271 1215 311 Concursum
1232 270 1290 308 bis
1306 268 1454 308 indixit
1473 272 1693 323 Episcopus
1726 273 1870 314 diebus

530 341 591 367 10.
608 324 768 375 Aprilis
784 349 798 369 ‚
817 326 856 366 ὃς
879 339 937 373 19.
957 322 1290 373 Majisuperioris
1310 322 1422 366 anni,
1440 323 1655 378 solumque
1669 327 1751 366 duo
1769 339 1883 366 corn-

525 386 755 427 paruerunt
773 378 1040 428 Oppofitores
1058 395 1072 421 5
1102 376 1306 426 Agnellus
1322 400 1336 419 ‚
1367 376 1406 414 Sc
1427 376 1710 428 Archangelus
1745 379 1877 419 Politi

523 431 625 474 Loci
642 431 849 482 Indigenae
867 456 881 476 ‚
901 443 1076 482 quorum
1092 430 1248 480 primus
1265 430 1441 473 isuorum
1475 431 1720 471 meritorum
1747 432 1884 472 edidit

525 484 780 525 documenta
793 485 862 525 die
880 496 942 528 25.
961 482 1068 531 Maji
1087 509 1100 530 ‚
1117 483 1225 523 alter
1245 481 1312 521 die
1331 496 1391 530 29.
1410 506 1423 526 ‚
1452 484 1492 523 Sc
1507 486 1673 534 peraeto
1689 497 1878 525 examine

525 538 595 578 die
613 551 676 582 30.
695 538 881 584 ejusdem
896 538 1042 578 mensis
1059 562 1072 582 ‚
1101 546 1249 587 propter
1277 538 1511 585 necfftatem
1536 540 1650 582 Loci,
1676 547 1874 588 pauperta-

527 602 669 642 temque
684 592 862 631 Paraeciae
878 616 891 637 ‚
917 594 963 636 ὠ·
976 592 1225 640 deficientiam
1239 589 1397 628 aliorum
1411 592 1714 630 Concurrentiam
1730 615 1744 634 ‚
1772 593 1874 629 ambo

517 645 680 692 suerunt
692 648 879 695 approbati
909 657 931 684 a
947 644 1079 684 tribus
1093 643 1240 685 electis
1260 643 1620 684 Examinatoribus
1639 670 1652 689 ‚
1679 655 1881 694 quorum

523 696 606 736 duo
626 700 711 737 haec
731 698 889 738 addunt
918 713 946 735 =
976 699 1059 736 Sed
1088 701 1170 737 ckm
1197 699 1331 736 revera*
1355 699 1454 737 Rev.
1475 701 1530 738 D.
1549 695 1744 747 Agnellus
1761 697 1882 735 Polito

523 750 738 800 aliqualiter
752 751 932 799 meliusse
939 751 1093 799 geffierit
1106 775 1120 796 ‚
1149 753 1255 789 debet
1270 751 1402 789 habere
1415 752 1669 800 prelationem
1687 763 1715 784 =
1751 760 1753 764 ’

470 797 590 841 Hanc
606 803 801 850 sequutus
829 802 1083 843 relationem
1113 803 1336 852 Episcopus
1355 827 1369 849 ‚
1400 813 1525 855 atque
1558 813 1722 843 attenta
1745 801 1883 852 probi-

520 862 609 893 tate
626 865 789 892 morum
807 878 820 899 ,
838 853 1060 904 prudentia
1078 881 1092 901 ‚
1126 856 1165 896 Sc
1180 856 1389 895 charitate
1407 857 1582 906 Agnelli
1599 856 1731 897 Politi
1747 882 1760 901 ,
1786 867 1882 895 eum

521 906 585 945 uti
609 906 844 954 digniorem
872 908 1191 948 commendavit
1208 907 1541 949 Eminentiffimo
1558 910 1741 949 Domino
1777 907 1881 948 Car-

518 958 652 997 dinali
670 958 949 999 Pro⁴Datario
967 985 980 1005 ‚
1013 962 1083 1013 qui
1101 970 1322 1012 propterea
1338 987 1351 1006 ‚
1381 961 1553 1002 decreta
1582 962 1872 1003 laceratione)

516 1011 643 1051 Nihil
654 1013 821 1060 transeat
837 1013 1009 1062 appositi
1028 1026 1050 1053 a
1068 1014 1389 1055 Contradic'tore
1404 1014 1670 1065 Archangelo
1689 1015 1880 1060 ,relaxa-

516 1063 552 1102 ri
569 1063 790 1104 mandavit
824 1066 1187 1116 Supplicationem
1215 1067 1359 1107 favore
1396 1066 1571 1116 Agnelli
1597 1067 1794 1115 signatam
1821 1077 1877 1104 α.)

515 1115 912 1159 SANCTISSIMO
942 1132 1015 1170 pro
1031 1121 1263 1162 collatione
1297 1120 1414 1160 dicta:
1440 1118 1695 1157 Parochiaiis
1713 1148 1724 1159 .
1759 1118 1878 1158 Istam

516 1169 621 1218 aegre
638 1169 776 1210 ferens
793 1173 1083 1221 praelationem
1110 1171 1398 1221 Archangelus
1432 1171 1599 1211 Sacram
1631 1174 1733 1211 hanc
1755 1171 1883 1210 ‘Con—

514 1221 806 1271 grega-tionem
825 1224 961 1265 adivit
975 1250 990 1271 ‚
1020 1227 1059 1266 ὃς
1075 1226 1314 1277 conquestus
1345 1225 1399 1263 est
1429 1223 1481 1264 de
1499 1226 1625 1272 {mala
1640 1224 1880 1273 relatione>

515 1273 860 1316 Examinatorum
876 1302 891 1323 ,
920 1279 960 1319 ὃς
977 1279 1028 1320 de
1047 1277 1323 1319 irrationabili
1340 1276 1501 1323 judicio
1516 1277 1708 1327 Episcopi
1725 1302 1738 1322 ‚
1770 1277 1880 1326 quod

513 1325 647 1374 ipsum
662 1329 917 1378 reputassent
929 1332 1065 1371 minus
1082 1332 1255 1383 'dignum
1273 1354 1286 1375 ‚
1304 1329 1408 1369 licet
1423 1330 1582 1381 Compe
1612 1331 1764 1369 'torem
1778 1340 1878 1378 pra:-

513 1378 694 1436 celleret
706 1383 957 1423 meritorum
969 1385 1263 1436 praerogativa,
1279 1384 1449 1429 majoris
1463 1384 1599 1424 scient
1620 1397 1649 1422 ae
1667 1381 1879 1432 specimen

514 1429 692 1472 dedisset
711 1433 751 1473 in
769 1437 937 1485 peraeto
956 1438 1161 1484 examine,
1180 1436 1343 1477 charior
1361 1434 1460 1476 effet
1478 1436 1638 1486 Populo
1655 1462 1668 1482 ‚
1696 1436 1737 1475 ὃ(
1759 1433 1879 1492 pass}-

515 1494 618 1542 vurn
632 1486 804 1528 haberet
818 1488 1131 1539 Juspatronatus
1150 1502 1198 1531 ex
1214 1488 1482 1539 dispositione
1499 1489 1696 1529 Matthiae
1714 1487 1847 1526 Polltl
1861 1509 1876 1531 ‚

519 1547 590 1585 qui
607 1548 781 1578 auxerat
796 1541 988 1581 Ecclefiae
1004 1543 1148 1582 dotem
1168 1572 1178 1583 .

465 1585 760 1646 Post-auditum
787 1603 886 1641 ergo
911 1593 1160 1644 Episcopum
1178 1621 1193 1641 ,
1221 1594 1349 1635 Causa
1379 1606 1489 1633 nunc
1520 1592 1766 1643 proponitur
1783 1622 1791 1632 .
1823 1591 1879 1631 Et

517 1639 702 1689 disputat
720 1642 926 1693 Agnellus
946 1671 961 1690 ,
974 1648 1183 1688 rationem
1199 1649 1359 1687 nullam
1376 1647 1603 1687 habendam
1623 1644 1704 1686 esse
1721 1645 1772 1685 de
1788 1645 1878 1694 Pas·

516 1693 596 1732 fiva
615 1695 839 1735 vocatione
860 1697 1004 1746 vigore
1031 1699 1170 1740 afferti
1185 1701 1533 1750 Jurispatronatus
1551 1714 1566 1741 ,-
1586 1709 1676 1739 tum
1694 1697 1789 1749 quia
1805 1710 1877 1747 per

522 1745 787 1785 Sententiam
803 1748 938 1787 Curiae
956 1750 1210 1800 Episcopalis
1229 1754 1360 1792 latam
1389 1763 1494 1790 anno
1516 1757 1632 1801 1728.
1651 1778 1664 1797 ‚
1701 1752 1740 1790 &
1759 1750 1799 1789 in
1815 1751 1879 1796 J'u-

519 1797 710 1854 dicatum
728 1800 973 1839 transactam
989 1826 1003 1846 ‚
1037 1803 1317 1852 improbatum
1334 1803 1415 1842 fuit
1444 1803 1759 1854 Juspatronatus
1785 1803 1882 1840 nul-

515 1849 618 1889 liter
633 1851 893 1892 reservatum
909 1878 922 1897 ,
950 1855 990 1893 &
1004 1854 1255 1896 demandata
1271 1856 1482 1896 restitutio
1515 1854 1635 1895 fundi
1667 1867 1740 1904 pro
1767 1853 1878 1894 dotis

517 1913 773 1952 augumento
804 1904 994 1955 affignati
1012 1907 1052 1946 in
1070 1908 1313 1949 evidentem
1331 1908 1504 1948 Eccesiae
1534 1909 1764 1957 perniciem
1784 1933 1796 1953 ‚
1827 1907 1879 1946 ob

518 1955 682 2002 adjefta
695 1969 823 1998 onera
840 1959 958 2009 super
974 1959 1176 2000 beneficio
1191 1961 1323 2002 libero
1338 1975 1353 2002 3
1373 1970 1465 2000 tum
1485 1961 1614 2000 etiam
1635 1962 1728 2012 quia
1749 1961 1878 2000 Paro-

519 2009 670 2049 chialis
697 2023 805 2051 anno
839 2025 909 2059 173
922 2026 953 2051 1.
979 2011 1113 2053 libere
1143 2014 1300 2054 collata
1329 2012 1412 2053 fuit
1442 2014 1595 2053 ultimo
1626 2012 1834 2053 Poffess'ori
1862 2023 1874 2050 ε

516 2061 556 2101 Sc
569 2062 620 2100 ad
647 2077 742 2103 eam
771 2064 836 2104 uti
851 2064 1027 2105 liberam
1041 2065 1241 2116 aspiravit
1269 2068 1354 2117 ipse
1370 2068 1660 2118 Archangelus
1673 2068 1712 2106 in
1728 2067 1876 2116 postre-

515 2125 586 2153 mo
602 2115 816 2157 Concursu
832 2149 842 2158 .

459 2169 513 2209 Et
529 2180 642 2219 aeque
659 2169 822 2219 ineptas
838 2176 1011 2220 reputat
1025 2179 1196 2212 caeteras
1214 2172 1481 2222 exceptiones
1497 2185 1512 2213 2·
1541 2172 1637 2224 quia
1653 2170 1867 2211 Examina-

514 2228 628 2260 tores
646 2229 869 2273 utrumque
884 2225 1173 2274 approbando,
1207 2226 1404 2272 injuriam
1435 2226 1574 2264 neutri
1607 2226 1866 2271 attulerunt:

510 2274 549 2313 ὅ(
580 2273 819 2324 digniorem
847 2276 1075 2323 'judicando
1088 2277 1321 2329 Agnellum
1337 2299 1350 2322 9
1385 2279 1492 2317 haud
1523 2284 1753 2323 nocuerunt
1787 2274 1867 2314 Ar-

507 2328 711 2376 changeio
729 2353 743 2373 ,
763 2341 874 2368 cum
895 2329 1118 2380 Episcopus
1139 2331 1180 2369 in
1196 2333 1270 2371 hac
1286 2338 1404 2382 parte
1420 2343 1499 2369 non
1518 2338 1730 2371 teneretur
1743 2328 1864 2379 'sequi

505 2380 734 2421 eorundem
752 2381 962 2429 judicium
979 2407 993 2428 ‚
1026 2383 1078 2422 ad
1092 2384 1249 2424 tradita
1279 2396 1352 2434 per
1381 2384 1516 2422 Rotam
1543 2389 1582 2424 in
1595 2383 1858 2422 Barchinonen.

502 2431 738 2472 parochialis
751 2440 791 2474 6·.
812 2435 927 2487 Jupil
953 2440 1067 2482 1760.
1095 2438 1132 2486 ᾧ.
1150 2451 1190 2486 4.
1223 2451 1343 2476 coram
1355 2439 1404 2476 R.
1424 2439 1469 2477 P.
1488 2439 1543 2476 D.
1560 2432 1721 2475 Cornelio
1737 2464 1746 2472 .
1779 2433 1864 2472 Mi—

501 2484 658 2534 nusque
676 2486 900 2527 contendit
919 2487 1269 2529 irrationabiliter
1296 2488 1522 2538 proceffiffe
1537 2487 1787 2535 Episcopum
1818 2485 1862 2523 in

497 2535 566 2572 sua
585 2539 878 2582 praeeieffione
893 2553 909 2580 2·
942 2541 1038 2590 quia
1054 2553 1100 2580 ex
1119 2542 1221 2581 astis
1239 2542 1467 2582 Concursus
1486 2565 1499 2584 ‚
1521 2551 1606 2590 quae
1629 2539 1751 2577 unice
1768 2538 1864 2577 sunt

499 2588 757 2643 attendenda
777 2617 790 2635 ‚
819 2593 981 2632 constat
1007 2593 1059 2634 de
1076 2595 1293 2645 utriusque
1319 2591 1519 2634 mediocri
1537 2591 1713 2631 scientia
1731 2615 1744 2634 ³
1774 2602 1865 2639 1)Γο-

495 2639 590 2676 bata
610 2647 698 2678 vita
716 2666 728 2684 ,
765 2644 804 2682 Sc
824 2643 991 2693 integra
1008 2644 1117 2686 fama
1138 2673 1152 2693 ‚
1183 2647 1375 2697 quodque
1392 2650 1566 2693 uterque
1583 2645 1711 2682 studia
1742 2655 1858 2681 com-

496 2690 691 2740 pleverat
707 2692 946 2735 Rethoricae
962 2719 977 2741 ‚
1011 2696 1285 2749 Philosophia:
1301 2723 1315 2743 ,
1331 2699 1369 2739 &
1388 2695 1825 2748 Theologiae,M0ralis
1841 2719 1857 2738 ‚

678 2754 684 2757 ’
1178 2754 1181 2756 ·
1735 2755 1862 2799 atque
