1934 2954
425 138 730 217 Dg‘mandatam
761 182 899 214 autem
927 177 1184 219 residentiam
1220 187 1472 227 nequaquam
1501 175 1637 216 feciffe
1674 176 1825 213 constat

479 228 656 278 primum
672 227 967 276 Cappellanum
981 230 1233 277 Alphonsum
1260 229 1429 271 Bianchi
1459 229 1507 269 de
1523 229 1648 268 Terra
1665 226 1824 266 Monti-

479 279 564 322 culi
578 279 871 319 Camerinenfis
890 281 1084 321 Dioecefis
1101 308 1113 327 ‚
1147 283 1215 334 qui
1245 282 1285 321 in
1316 290 1435 321 aetate
1469 280 1670 322 tredecim
1698 292 1823 319 anno-

481 344 571 375 rum
586 330 721 371 fuerat
735 334 781 371 ab
799 333 879 381 ipso
894 333 1104 373 Testatore
1121 335 1351 375 nominatus
1370 358 1382 377 ‚
1408 334 1556 384 quique
1586 346 1688 372 anno
1707 336 1816 369 1606.

482 386 636 429 elec‘tus
660 383 742 424 suit
759 385 950 428 Vicarius
967 386 1179 430 Generalis
1206 386 1394 426 Recineti
1412 410 1425 429 ‚
1457 386 1647 436 idemque
1677 396 1819 424 munus

480 439 611 487 postea
640 436 770 476 obivit
797 437 837 476 in
868 439 989 478 variis
1007 439 1253 482 Dioecefibus
1273 465 1283 484 ‚
1316 450 1360 477 ac
1386 437 1552 477 tandem
1582 449 1685 476 anno
1706 442 1815 477 1631.

478 491 660 530 Domum
685 489 1020 539 Congregationis
1044 491 1231 531 Oratorii
1248 490 1434 530 fundavit
1464 490 1503 529 in
1537 490 1678 529 eadem
1694 488 1822 527 Terra

478 541 705 581 Monticuli
720 542 853 587 Patria
868 543 950 588 sua,
967 543 1031 582 ubi
1045 543 1156 583 diem
1169 544 1309 583 clausit
1324 552 1551 582 extremum
1570 553 1672 580 anno
1693 546 1819 589 1645.:

476 594 664 634 oneribus
682 593 951 643 Cappellaniae
968 595 1130 638 interim
1143 595 1376 645 adimpletis
1393 607 1464 643 per
1479 594 1742 634 Substitutum
1759 622 1769 632 .
1860 599 1863 602 ’

427 651 481 692 Et
496 646 607 686 illius
625 645 826 685 Successor
843 646 1110 687 Bernardinus
1128 647 1312 692 Bianchi,
1327 646 1553 698 quieodem
1571 658 1674 684 anno
1690 651 1820 693 1645.‚

482 699 549 740 vix
567 698 716 750 adepta
731 697 1003 747 Cappellaniae
1021 700 1170 748 poffeffi
1268 727 1280 746 ‚
1308 699 1572 738 Substitutum
1587 698 1736 747 pariter
1751 697 1824 736 de-

478 750 644 803 putavit
657 775 671 795 ,
699 749 780 789 duo
794 752 998 800 proposuit
1018 752 1151 792 Dubia
1181 753 1191 791 i
1267 765 1312 792 ac
1331 753 1445 791 Sacra
1460 750 1789 800 Congregatione
1808 761 1817 784 z

482 802 646 845 scilicet
678 802 708 842 I.
723 806 793 841 An
811 802 1012 857 hujusmodi
1024 806 1244 851 Beneficium
1247 807 1297 855 fit
1309 805 1538 843 Sam-dotale
1555 827 1567 847 ‚
1593 804 1690 839 itaut
1703 804 1747 838 de
1759 801 1822 838 illo

486 856 650 906 provisus
664 865 830 893 teneatur
854 856 966 905 perse
980 857 1090 905 ipfitm
1109 858 1238 905 Mzffas
1267 857 1447 896 celebrare
1463 868 1472 894 ε
1492 859 1535 900 &¹
1557 864 1623 904 per
1637 855 1821 904 Substitu-

482 918 560 946 tum
577 921 644 945 non
655 910 750 957 poffi't
762 909 903 957 impleri
915 907 935 946 ,Ρ
963 908 1013 948 ΙΙ.
1029 910 1102 946 An
1110 910 1342 959 perfimaliter
1369 910 1517 958 residere
1533 918 1712 949 teneatur,
1726 910 1821 944 itaut

480 959 592 997 Eram
607 959 796 1008 Episcopus
810 964 1019 1010 permittere
1046 965 1112 999 non¹
1126 964 1253 1006 debeat
1265 988 1278 1008 ‚
1305 972 1346 1000 ut
1352 970 1417 1010 per
1439 962 1554 998 aliam
1566 974 1668 998 onera
1681 959 1822 1008 impleri

474 1014 592 1062 poffint
603 1009 624 1048 ,Ρ
637 1011 794 1061 Qibus
807 1013 875 1052 die
895 1013 1198 1055 13.Novembris
1220 1020 1330 1063 1649.
1349 1012 1578 1061 responsum
1595 1013 1647 1051 est
1662 1025 1688 1047 ε
1703 1011 1778 1047 Ad
1792 1009 1821 1047 Ι.

478 1065 715 1111 Beneficium,
733 1066 778 1101 de
793 1079 857 1114 quo
873 1069 1007 1113 agitur,
1027 1080 1093 1103 non
1108 1067 1176 1113 effi,²
1190 1066 1436 1108 Sacerdotale‚
1452 1068 1494 1108 ἐς·
1502 1064 1596 1111 poffe
1605 1075 1670 1113 per
1687 1063 1823 1112 Substi-

478 1125 596 1154 tutum
611 1129 715 1152 onera
728 1116 870 1163 impleri
887 1129 896 1152 ε
923 1119 995 1154 Ad
1021 1117 1059 1153 II
1106 1120 1234 1156 Erbum
1250 1118 1453 1167 Episcopum
1464 1118 1556 1166 poffe
1562 1119 1822 1165 permitteret,

481 1175 530 1205 ut
544 1171 582 1203 in
598 1166 659 1205 lib.
671 1179 728 1213 19.
744 1167 962 1214 Decretfol.
971 1164 1004 1208 Ξ.

427 1218 633 1269 Qiocirca
647 1217 919 1267 permittente
936 1219 1132 1271 Episcopo
1149 1245 1162 1263 ‚
1189 1229 1234 1259 ut
1249 1217 1378 1260 fertur
1394 1246 1406 1266 ‚
1433 1217 1542 1259 idem
1558 1218 1823 1259 b'er'nardinus

482 1271 638 1319 semper
655 1269 747 1308 inde
765 1269 893 1309 abfuit
921 1283 942 1309 a
961 1270 1091 1310 Terra
1118 1272 1351 1321 Appignani
1367 1297 1379 1316 ‚
1407 1272 1556 1311 Curam
1576 1271 1824 1310 Animarum

474 1333 665 1362 exercens
682 1321 722 1359 in
741 1320 870 1361 Terra
885 1322 1261 1372 MontisLuponum
1277 1354 1287 1363 .
1303 1325 1354 1362 Et
1372 1324 1471 1363 licet
1488 1322 1679 1362 Sacerdos
1696 1323 1825 1361 Luco-

475 1374 524 1418 li,
539 1373 608 1425 qui
623 1373 928 1423 Cappellaniam
943 1375 1112 1425 possedit
1128 1377 1248 1426 usque
1264 1377 1312 1415 ad
1326 1388 1473 1416 annum
1496 1375 1669 1423 1720.‚in
1687 1375 1822 1413 Domo

480 1426 701 1469 Testatoris
718 1429 982 1475 permanserit
1000 1454 1014 1473 ,
1044 1440 1184 1468 carens
1203 1429 1283 1468 alia
1314 1428 1565 1471 habitatione
1583 1453 1594 1473 ‚
1622 1436 1667 1466 ut
1686 1435 1823 1465 narrat

477 1489 550 1526 per
567 1477 783 1526 Epistolam
814 1479 1042 1519 Franciscus
1061 1479 1260 1521 Xaverius
1287 1480 1498 1531 Angelelli
1523 1479 1724 1518 Parochus
1741 1505 1765 1524 ,⁷
1782 1479 1820 1518 ὃς

477 1529 666 1571 Vicarius
697 1530 895 1570 Foraneus
929 1533 1184 1583 Appignani5
1226 1540 1409 1573 attamen
1440 1531 1706 1572 Ber-nardinus
1736 1530 1823 1569 Pal-

478 1582 600 1622 mieri
616 1607 630 1626 ,
659 1583 727 1632 qui
744 1582 807 1621 iili
823 1584 1005 1624 succeffit
1022 1611 1034 1629 ‚
1067 1586 1261 1624 continuo
1286 1584 1439 1624 resedit
1468 1584 1504 1623 'n
1522 1583 1650 1622 Terra
1666 1582 1823 1622 Monti-

477 1634 580 1679 cufi,
595 1642 805 1685 tamquam
821 1635 1165 1686 Archipresbyter
1181 1638 1366 1677 Ecclefiae
1380 1636 1455 1675 Col
1479 1635 1619 1685 egiatae
1638 1634 1820 1681 ejusdem

479 1686 635 1735 Oppidi
659 1698 668 1728 2
694 1687 747 1726 Et
763 1688 897 1731 absens
910 1689 1066 1737 semper
1094 1688 1175 1728 fuit
1200 1690 1324 1728 etiam
1342 1688 1573 1728 Franciscus
1591 1687 1722 1726 Maria
1741 1687 1822 1725 Fri-

476 1738 618 1778 sciotti
648 1738 697 1777 de
723 1738 907 1783 Civitate
934 1741 1056 1780 Nova
1083 1741 1275 1780 Firmanae
1305 1741 1499 1780 Dioecefis
1528 1740 1706 1786 ejusdem
1735 1738 1822 1778 Pal-

474 1790 596 1830 mieri
613 1789 842 1835 Succefforz,
874 1792 1131 1845 Minimeque
1154 1794 1204 1833 ad
1220 1792 1471 1832 residendum
1488 1793 1527 1831 in
1548 1792 1677 1831 Terra
1690 1790 1822 1839 Appi-

476 1841 599 1892 gnani
618 1854 795 1892 unquam
810 1843 849 1883 se
864 1846 1044 1890 contulit
1063 1846 1266 1889 Antonius
1282 1845 1413 1884 Maria
1431 1844 1639 1883 Frisciotti
1657 1843 1822 1882 hodier-

475 1905 552 1933 nus
565 1893 836 1943 Cappellanus
868 1898 949 1945 post
978 1897 1129 1937 distum
1147 1898 1401 1937 Franciscum
1418 1896 1594 1936 Mariam
1623 1898 1709 1940 ejus
1726 1895 1819 1934 Fra-

477 1954 586 1985 trem
615 1947 796 1988 elestuss
821 1956 867 1988 ut
893 1958 1038 1995 praeter
1063 1949 1274 1991 Vicarium
1303 1948 1528 1988 Foraneum
1551 1947 1820 1994 antedistum
1859 1979 1873 1993 .—

477 1996 647 2046 deponit
662 1997 857 2045 Sacerdos
872 1999 1048 2050 Caprara
1062 2025 1077 2052 2
1105 2002 1174 2054 qui
1200 2001 1438 2047 eorumdem
1452 1999 1822 2051 Cappellanorum...

475 2060 590 2088 vices
607 2049 808 2097 explevit,
1123 2057 1126 2060 ⁴

420 2102 531 2145 Cum
557 2113 657 2159 uero
680 2102 900 2143 hodiernus
917 2104 1186 2155 Cappellanus
1217 2104 1457 2149 audivisset,
1472 2104 1579 2157 quod
1603 2104 1817 2155 Episcopus

473 2153 727 2195 Auximanus
742 2154 1014 2199 meditaretur
1031 2170 1125 2199 eum
1138 2171 1286 2209 cogere
1299 2157 1348 2197 ad
1364 2156 1624 2202 residentiam
1637 2183 1650 2203 ,
1680 2167 1818 2207 preces

473 2206 631 2250 obtulit
653 2206 747 2246 huic
775 2206 899 2250 Sacrae
913 2207 1255 2259 Congregationi‚
1280 2211 1422 2258 quibus
1449 2210 1670 2257 postulabat
1683 2207 1817 2248 decla-

474 2257 586 2302 rari,
617 2257 927 2308 Cappellaniam
952 2273 1208 2312 nequaquam
1245 2260 1320 2301 effe
1355 2261 1655 2301 refidentialem
1669 2273 1684 2300 ,·
1709 2259 1819 2299 itaut

472 2310 745 2363 Cappellanus
773 2309 926 2359 dejure
954 2325 1032 2352 non
1047 2321 1237 2358 teneatur
1263 2312 1313 2352 ad
1327 2312 1612 2357 residentiam,
1639 2311 1817 2360 &perso-

475 2363 569 2402 nale
585 2363 800 2403 servitium
816 2390 829 2411 ‚
844 2365 911 2409 sed
926 2363 1054 2407 abesse
1069 2366 1207 2405 valeat
1223 2389 1237 2409 ‚
1263 2366 1301 2405 δεῖ
1318 2364 1523 2405 deservire
1539 2376 1607 2414 per
1623 2363 1817 2411 Substitu÷

474 2423 568 2454 tum
585 2437 599 2458 2
615 2414 766 2456 nedum
779 2417 1048 2467 permittente
1063 2416 1260 2466 Episcopo
1273 2441 1286 2461 ‚
1299 2418 1413 2465 juxta
1425 2414 1656 2465 praemiffum
1674 2415 1815 2455 rescri-

474 2473 594 2517 ptum
610 2468 703 2506 anni
723 2472 836 2519 1649.
850 2495 863 2517 ‚
880 2481 1024 2510 verum
1039 2470 1166 2509 etiarn
1180 2468 1377 2518 Episcopo
1395 2475 1588 2511 renuente
1601 2496 1611 2505 .
1638 2466 1691 2505 Et
1706 2467 1814 2507 datis

475 2518 527 2559 de
544 2529 659 2557 more
676 2518 827 2560 Literis
852 2521 902 2562 ad
917 2521 1158 2572 Episcopum
1173 2545 1187 2566 ‚
1203 2529 1248 2560 ut
1267 2520 1353 2565 Sac.‚
1370 2520 1737 2569 Congregationem
1755 2520 1814 2559 in-

475 2570 663 2612 structam
689 2571 880 2614 redderet
896 2598 910 2618 ‚
939 2584 1166 2624 votumque
1198 2573 1311 2615 suum
1342 2572 1517 2620 aperiret
1535 2595 1549 2615 ,
1575 2572 1814 2611 recenfitam

472 2620 637 2666 ‚Vicarii
652 2620 821 2672 Foranei,
835 2625 1054 2673 Epistolam
1083 2626 1155 2665 ille
1174 2625 1390 2666 transmisit
1404 2647 1417 2666 ‚
1446 2631 1588 2661 votum
1603 2621 1717 2661 suum
1735 2625 1812 2662 mi-

472 2673 592 2719 nime
617 2674 823 2726 aperiens.
851 2676 1018 2722 Dudum
1045 2678 1183 2731 itaque
1210 2675 1367 2727 praefixo
1388 2673 1565 2716 termino
1579 2673 1810 2767 Promotgri

1781 2741 1813 2767 1-
