1934 2954
558 187 604 211 22

526 190 573 268 iit
592 226 631 264 in
647 219 827 262 termino
843 220 960 259 unius
978 219 1126 259 Mensis
1150 220 1491 261 Cathedraticum
1523 228 1612 260 tum
1636 220 1858 268 praeteriti,

528 290 618 321 tum
635 273 840 316 currentis
858 273 952 312 anni
968 274 1246 322 persolverent
1263 300 1275 319 ‚
1302 274 1416 320 juxta
1435 283 1571 313 taxam
1586 285 1608 311 a
1637 272 1716 312 san.
1732 283 1856 311 mem.

531 329 753 373 Benedisto
784 325 901 365 XIII.
938 326 1212 374 praescriptam
1251 328 1291 366 in
1321 326 1512 366 Concilio
1537 326 1721 365 Romano
1753 329 1856 363 tit.8.

532 395 650 436 cap.4.
668 413 677 421 .
697 380 987 421 Reclamarunt
1018 388 1157 419 autem
1174 379 1319 420 Clerus
1349 381 1599 420 Sermonetae
1616 405 1629 425 ‚
1658 380 1696 418 &
1711 377 1858 417 Clerus

530 433 724 479 Somneni
756 432 904 472 Setinae
935 433 1131 473 Dioecefis
1151 459 1162 478 ‚
1195 433 1462 484 precibusque
1489 433 1637 472 oblatis
1663 431 1755 471 huic
1789 430 1860 468 Sa-

529 505 602 531 crx
617 485 936 535 Congregationi
965 487 1237 532 exposuerunt
1256 511 1269 530 ‚
1299 485 1585 526 Anteceffores
1609 485 1828 535 Episcopos
1846 505 1861 525 ‚

529 546 568 585 Sc
588 542 714 591 ipsum
729 538 973 578 hodiernum
991 539 1231 578 Antistitem
1263 538 1513 580 consuevisse
1544 539 1658 578 scuta
1689 537 1860 576 circiter

527 594 749 644 nonaginta
767 605 789 631 a
804 592 929 631 Clero
948 592 1142 631 Somneni
1157 618 1169 635 ‚
1188 592 1397 641 oftoginta
1411 594 1512 631 vero
1528 606 1550 632 a
1562 593 1683 631 Clero
1701 591 1861 630 Sermo-

528 658 631 689 netae
648 650 809 695 exigere
832 645 870 683 in
902 645 1034 684 Sacris
1063 644 1375 686 visitationibus
1402 647 1495 685 loco
1525 642 1829 684 procurationis
1846 665 1860 684 ‚

526 700 828 746 compraehenso
848 698 888 736 in
904 697 1011 736 dieta
1026 697 1180 737 summa
1196 698 1323 737 etiam
1345 697 1642 745 Cathedratico
1658 710 1672 736 ,·
1701 708 1856 745 quare-2

523 754 771 805 postulabant
790 777 803 796 ‚
831 751 896 790 vel
915 762 936 788 a
953 749 1238 790 Cathedratici
1268 751 1417 792 iterata
1447 751 1650 790 solutione
1674 747 1861 791 absolvi,

529 807 597 847 vel
612 804 813 844 declarari
831 803 1013 842 debitam
1030 803 1365 844 Procurationem
1387 805 1425 843 in
1442 802 1698 844 Vit‘tualibus
1717 800 1756 839 in
1770 800 1859 849 spe-

529 859 593 900 cie
610 883 623 902 ‚
643 859 680 897 86
698 855 879 896 damnari
896 856 1139 903 Episcopum
1155 856 1203 895 ad
1220 857 1514 897 restituendum
1528 854 1720 905 pecunias
1747 853 1860 892 ultra

530 911 698 950 modum
713 908 1018 947 occurrentium
1038 909 1299 955 expensarum
1318 911 1474 950 exastas
1492 939 1502 949 .

479 964 698 1015 Episcopus
715 970 856 1001 autem
876 960 915 999 in
929 959 1150 1000 transmissa
1164 963 1364 1002 relatione
1379 988 1392 1007 ‚
1408 964 1446 1003 &
1466 963 1503 1001 in
1519 959 1665 1001 libello
1679 960 1860 999 circum-

530 1013 701 1056 ferendo
718 1040 730 1058 ,
748 1022 868 1062 negat
887 1037 900 1056 ‚
919 1012 1026 1062 quod
1045 1013 1083 1050 in
1099 1013 1390 1056 procuratione
1405 1041 1418 1061 ‚
1447 1027 1568 1066 quam
1583 1013 1859 1052 Recurrentes

527 1069 738 1108 solverunt
754 1073 942 1112 tempore
957 1063 1215 1105 Visitationis
1233 1091 1246 1110 ‚
1260 1064 1387 1107 fuerit
1402 1081 1563 1118 quoque
1581 1065 1860 1112 compraehen-

527 1119 617 1157 sum
633 1117 978 1173 Cathedraticnm
995 1141 1007 1161 ‚
1025 1117 1213 1167 quodque
1227 1119 1394 1159 modum
1414 1117 1721 1159 Procurationis
1740 1126 1861 1155 exce-

529 1171 626 1210 dant
642 1180 822 1218 pecumae
837 1168 1046 1207 occasione
1061 1173 1266 1219 pastoralis
1282 1172 1527 1211 visitationis
1542 1169 1735 1213 exaftaedi
1751 1179 1861 1206 com-

529 1230 728 1273 putentur
745 1220 874 1259 etiam
892 1221 1069 1269 expensae
1084 1222 1259 1264 accessus
1277 1251 1290 1269 ‚
1321 1225 1359 1264 ὃς
1375 1222 1545 1263 recessus
1562 1250 1574 1268 ‚
1600 1234 1645 1261 ac
1677 1222 1859 1260 eleemo-

529 1276 635 1325 synae
652 1298 665 1317 ‚
683 1284 781 1324 quas
797 1282 937 1312 tamen
954 1285 1031 1312 non
1046 1275 1124 1314 esse
1142 1277 1437 1327 computandas
1468 1285 1585 1316 tenet
1612 1274 1758 1322 Barbos.
1777 1274 1859 1310 de.)

528 1329 610 1378 offic.
631 1350 643 1369 ⁹
663 1326 834 1375 &potest.
854 1326 1015 1375 Episcopi
1031 1326 1164 1377 alleg.7
1172 1343 1208 1372 3.
1239 1334 1402 1373 num.56.
1437 1333 1568 1376 &37-
1588 1357 1597 1366 .
1626 1326 1860 1365 Cat-terum„

528 1391 607 1420 non
627 1378 768 1434 abnuit
786 1403 798 1423 ‚
818 1378 925 1429 quod
945 1378 1218 1421 Recurrentes
1236 1393 1307 1423 pro
1322 1382 1444 1421 libitu
1461 1382 1528 1421 vel
1547 1378 1696 1419 cibaria
1709 1375 1858 1416 submi-

527 1433 747 1472 nistrentm
767 1430 859 1468 anu
890 1430 1178 1479 Visitationis‚
1207 1436 1272 1473 vel
1301 1447 1446 1474 eorum
1472 1434 1565 1472 vice
1593 1429 1860 1471 Procuratio-

529 1495 624 1524 nem
643 1482 683 1521 in
702 1490 915 1522 numerata
930 1484 1102 1531 pecunia
1121 1487 1353 1535 persolvant
1369 1512 1382 1531 ‚
1411 1488 1534 1537 quum
1553 1486 1604 1535 fit
1619 1487 1658 1521 in
1683 1485 1856 1531 optione,

530 1548 681 1579 eorum,
710 1538 772 1584 qui
801 1536 1021 1585 vifitantur‚
1037 1539 1068 1589 s'
1100 1538 1232 1578 malint
1236 1539 1382 1589 solvere
1394 1540 1463 1583 id,
1495 1539 1590 1588 quod
1616 1545 1696 1574 erat
1721 1536 1765 1570 ab
1777 1534 1856 1582 ipfis

530 1600 637 1629 antea
640 1585 741 1636 solvi
754 1611 767 1631 ‚
787 1598 885 1626 certa
899 1594 1054 1637 pecunia
1066 1602 1195 1631 taxata
1209 1618 1220 1637 ‚
1240 1593 1442 1640 consuetum
1455 1616 1469 1635 ‚
1497 1604 1544 1628 an
1560 1601 1647 1628 vero
1663 1585 1859 1624 Vif't'ualia

529 1642 735 1687 ministrare
766 1666 777 1684 ‚
808 1649 854 1679 ut
886 1642 1152 1689 praescribitur
1178 1656 1199 1683 a
1228 1645 1350 1683 Sacro
1387 1642 1579 1683 Concilio
1608 1638 1859 1679 Tridentino

527 1694 630 1743 Sess.
648 1705 710 1742 24.
723 1700 840 1742 cap.3.
858 1694 903 1732 de
917 1693 1079 1744 Reform.
1094 1710 1109 1737 ,ς
1123 1706 1166 1735 at
1181 1697 1231 1736 de
1246 1696 1392 1736 afferto
1421 1696 1722 1747 praeteritarum
1748 1691 1859 1730 solu-

525 1747 687 1787 tionum
701 1744 856 1784 excessu
876 1747 1162 1795 inquirendum
1182 1762 1259 1788 non
1286 1749 1361 1790 effe
1392 1746 1608 1787 contendit
1628 1770 1640 1790 ,
1665 1743 1762 1794 quia
1789 1742 1859 1791 ipsi

527 1798 801 1839 Recurrentes
818 1795 1002 1839 fatentur
1015 1802 1251 1841 consuetam
1265 1801 1544 1851 quantitatem
1561 1797 1745 1853 exastam
1760 1794 1858 1852 fu-is-

524 1852 703 1943 {cyculus
717 1853 985 1899 congruentia
998 1853 1094 1894 satis
1108 1855 1154 1894 ab
1166 1854 1420 1895 observantia
1438 1852 1525 1894 fere
1537 1859 1774 1892 centenaria
1795 1859 1859 1886 in-

556 1911 688 1943 icatur
704 1931 715 1941 .
1419 1919 1435 1933 -.

475 1954 817 2009 cathedraticum
833 1960 935 1997 vero
948 1985 961 2004 ‚
978 1959 1083 2010 quod
1103 1960 1140 1998 in
1158 1961 1353 1999 honorem
1368 1957 1583 1998 Cathedrae
1600 1951 1765 2003 fingulis
1782 1964 1856 1991 an-

527 2008 592 2049 nis
617 2006 791 2046 debetur
819 2017 905 2046 tam
934 2011 975 2050 in
1007 2012 1252 2053 Vifitatione
1281 2039 1294 2058 ,
1316 2012 1437 2062 quam
1466 2019 1580 2050 extra
1611 2032 1626 2051 ‚
1661 2015 1708 2045 ut
1733 2011 1858 2048 notat

529 2059 676 2109 Barbas:
692 2060 777 2098 diff.
795 2059 1050 2111 alleg.73.suh
1061 2078 1226 2113 num.44.
1246 2090 1258 2109 ‚
1275 2065 1384 2103 ultra
1407 2061 1742 2102 Procurationem
1756 2068 1855 2106 prae-

526 2111 709 2171 standum
735 2108 814 2169 effe
836 2113 1024 2170 defendit
1043 2140 1056 2159 ‚
1073 2119 1196 2164 quum
1215 2116 1372 2155 diversa
1390 2116 1437 2153 fit
1466 2114 1676 2164 utriusque
1702 2110 1853 2160 praesta-

527 2174 655 2205 tionis
673 2164 874 2214 obligano
888 2192 901 2211 ‚
919 2177 964 2207 ut
983 2168 1113 2207 tradit
1142 2169 1252 2207 idem
1283 2167 1431 2215 Barbos.
1454 2169 1499 2205 de
1516 2167 1602 2216 offic.
1617 2191 1630 2210 ‚
1661 2166 1705 2208 ὠ·
1726 2162 1849 2211 potest.

525 2215 649 2274 Eptsc.
665 2214 762 2272 alleg
779 2221 842 2256 86.
862 2232 1027 2269 num.40.
1043 2246 1057 2266 ‚
1080 2221 1118 2260 8<
1133 2220 1228 2260 ideo
1246 2218 1530 2270 exequendum
1547 2217 1624 2258 esse
1637 2215 1854 2261 Edictum-a

526 2281 602 2319 pro
617 2268 728 2307 illius
742 2269 948 2311 solutione
969 2273 1227 2313 publicatum
1255 2273 1321 2312 die
1344 2278 1402 2312 18.
1419 2270 1567 2310 Martii
1597 2272 1710 2315 1760.
1727 2290 1740 2309 ‚
1770 2278 1851 2305 non

524 2321 703 2361 obstante
719 2318 864 2360 asserta
879 2323 1195 2364 immemorabili
1219 2324 1512 2364 consuetudine
1538 2332 1617 2361 non
1637 2318 1853 2364 solvendi,

527 2386 613 2424 quae
629 2384 702 2411 nec
720 2372 923 2413 verificari
936 2376 1172 2416 supponitur
1188 2377 1228 2416 in
1243 2376 1352 2415 fat‘to
1369 2401 1382 2420 ‚
1415 2388 1488 2415 nec
1517 2371 1723 2413 verificata
1750 2372 1854 2410 rele-

527 2434 646 2466 varet
663 2432 804 2464 contra
833 2426 1050 2476 expressam
1078 2428 1285 2467 censuram
1315 2427 1498 2467 Concilii
1531 2425 1702 2463 Romani
1732 2422 1852 2462 dero-

527 2477 663 2527 gantis
678 2476 926 2530 cuieumque
945 2479 1262 2519 immemorabili
1278 2504 1291 2525 ‚
1309 2488 1354 2519 ut
1369 2487 1534 2519 notatur
1562 2480 1599 2513 in
1613 2477 1848 2515 ferentina..

531 2531 787 2568 cathedratici
803 2544 862 2578 19·
878 2531 1032 2582 Aprilis
1051 2533 1251 2583 superioris
1279 2536 1392 2577 anni,
1418 2532 1458 2571 &
1483 2528 1677 2568 adhaefive
1708 2527 1853 2567 rescri-

525 2582 599 2639 psit
616 2586 695 2622 haec
714 2582 834 2622 Sacra
848 2583 1124 2636 Congregatio
1152 2585 1193 2624 in
1211 2585 1354 2625 eadem
1381 2581 1508 2621 Causa
1538 2579 1604 2620 die
1623 2595 1660 2619 2.
1676 2580 1845 2631 Augusti

526 2633 711 2679 eiusdem
729 2635 849 2675 anni.
1409 2665 1411 2668 .

632 2684 722 2723 Erit
735 2686 874 2737 itaque
889 2689 936 2729 ab
949 2688 1028 2729 EE.
1047 2688 1144 2730 VV.
1162 2685 1436 2728 definiendum
1448 2714 1458 2725 .

488 2740 522 2783 1.
547 2735 621 2779 An
633 2761 648 2785 2
663 2739 708 2783 Φ·
723 2742 892 2788 quomodo
905 2743 1120 2783 Procuratio
1133 2742 1306 2781 debeatur
1316 2736 1338 2777 ἓ
1711 2787 1750 2827 n
1789 2788 1836 2828 A
1899 2766 1902 2772 .

1755 2817 1765 2828 .
1836 2800 1859 2826 n
1896 2827 1898 2834 s
