1934 2954
494 92 544 131 60

442 143 519 189 Sed
536 141 718 181 triennio
735 141 915 181 nondum
931 145 1156 193 completo,
1176 141 1285 182 Uxor
1302 144 1544 193 supplicavit
1576 143 1829 184 SANCTis-

497 194 641 234 SIMO
673 193 914 234 DOMINO
945 195 1184 236 NOSTRO
1227 208 1297 244 pro
1325 196 1623 246 dispensatione
1655 197 1829 237 ulterio-

493 248 547 288 ris
563 249 738 289 molestae
753 249 1073 291 cohabitationis
1088 275 1100 294 ‚
1121 249 1243 298 usque
1263 257 1359 287 tunc
1375 249 1534 290 inutilis
1569 260 1791 300 compertae
1811 275 1825 296 ,

491 301 561 343 vel
579 312 651 351 pro
668 299 874 341 facultate
894 301 1011 339 illam
1029 302 1265 343 absolvendi
1282 301 1438 348 Spoleti
1459 303 1499 340 in
1526 303 1661 343 Domo
1689 312 1827 352 pater-

490 365 541 394 na
560 377 574 398 ‚
592 352 641 392 ad
658 365 780 404 quam
796 353 845 392 ad
864 353 1159 392 consulendum
1178 355 1344 402 propriae
1366 354 1497 404 quieti
1511 356 1548 395 se
1570 356 1824 396 contuleram

493 407 533 447 ὃς
569 406 756 454 precibus
785 405 852 444 die
886 419 946 444 20.
976 405 1226 447 Novembris
1263 411 1376 453 1760.
1404 407 1606 456 delegatis
1632 409 1725 448 huic
1755 408 1825 448 Sa—

492 471 569 499 crae
593 457 916 508 Congregationi
932 470 1025 497 cum
1043 457 1310 499 facultatibus
1333 457 1565 499 necessariis
1584 487 1597 506 ,
1616 463 1654 501 St
1674 473 1823 510 oppor-

488 509 603 554 tunis
621 536 634 556 ,
651 510 816 550 auditus
836 511 990 550 iterum
1007 510 1088 551 fuit
1105 511 1325 561 Episcopus
1343 511 1588 563 Spoletanus
1605 538 1617 558 ‚
1644 514 1824 564 quicum

489 564 557 605 sua
603 563 828 605 relatione.
849 564 1071 606 transmifit
1109 564 1206 603 Viri
1254 565 1582 604 declarationem
1618 566 1822 607 emissam„

488 616 559 658 die
577 630 615 661 3.
630 616 872 658 Decembris
891 617 1073 663 ejusdem
1092 617 1184 657 anni
1197 617 1247 656 de
1268 617 1484 659 inutilibus
1512 618 1725 657 conatibus
1752 619 1824 658 ad-

489 669 633 713 hibitis
661 678 753 710 toto
766 670 1088 710 cohabitationis
1115 679 1305 719 tempore
1322 694 1335 714 ,
1364 670 1415 708 ob
1446 671 1557 709 suam
1589 670 1823 710 inhabilita-

490 730 578 764 tem
596 722 801 768 coeundi,
835 722 1012 762 utialias
1038 720 1155 762 faffus
1183 731 1303 762 erati
1335 723 1374 761 3<
1408 722 1526 762 Sacra
1549 722 1825 773 Congregatio

492 775 562 818 die
586 788 646 822 17.
659 774 842 824 Januarii
863 779 974 821 1761.
996 775 1132 815 eidem
1148 775 1349 825 Episcopo
1375 775 1598 822 Spoletano
1618 775 1792 820 injunxit
1809 801 1825 819 ‚

490 828 639 876 utfafla
654 825 902 865 declaratione
912 837 980 876 per
996 829 1147 868 Patrem
1162 830 1345 866 Oratrtcis
1376 830 1420 865 de
1453 830 1654 875 recipiendo
1686 831 1731 865 V
1727 833 1824 866 irum
1837 862 1845 867 a

487 882 528 917 in
537 880 683 929 propria
696 881 812 917 Domo
826 879 965 932 Spoleti
977 905 990 925 ‚
1004 890 1068 930 pro
1085 879 1210 928 effeftu
1223 883 1233 925 Ι
1239 882 1482 925 cohabitandi,
1499 894 1609 932 eaque
1626 884 1721 919 Viro
1733 884 1819 918 inti·⁴

489 942 588 970 mata
606 956 619 977 ,
635 932 684 970 ad
693 931 868 974 ulteriora
886 956 899 976 ‚
908 942 1014 982 prout
1021 932 1122 988 juris
1146 933 1265 979 fuerit
1281 959 1294 978 ,
1325 936 1494 982 procedat
1514 934 1586 984 post
1612 934 1823 984 completum

489 987 687 1022 triennium
702 1013 712 1023 .
729 984 808 1028 Vir
824 993 961 1025 tamen
977 1010 990 1029 ‚
1007 985 1074 1025 cui
1093 985 1160 1029 die
1180 999 1240 1031 29.
1260 986 1441 1031 ejusdem
1460 986 1609 1027 Menfis
1637 985 1820 1035 Januarii

487 1036 680 1076 intimata
691 1035 773 1075 fuit
786 1035 1015 1077 declaratio
1032 1035 1164 1076 Patris
1184 1037 1232 1076 ad
1251 1036 1423 1076 formam
1441 1037 1599 1086 praefati
1631 1039 1818 1088 rescripti

486 1087 626 1130 emiffa
643 1111 657 1133 ‚
678 1088 814 1129 renuit
832 1089 1013 1132 Domum
1045 1088 1184 1129 Soceri
1201 1099 1344 1139 petere
1362 1116 1375 1136 ‚
1403 1100 1527 1142 atque
1544 1090 1787 1139 Episcopum
1805 1115 1821 1136 ‚

485 1142 524 1182 &
537 1143 640 1181 hanc
653 1141 818 1184 Sacram
833 1141 1206 1192 congregationem
1223 1142 1356 1184 adivit
1373 1167 1386 1186 ‚
1420 1152 1465 1182 ut
1495 1143 1621 1181 Domi
1656 1143 1731 1183 suae
1753 1141 1821 1180 In-

483 1193 797 1235 teramnaeUxor
811 1194 1049 1245 adigeretur
1066 1196 1269 1238 triennale
1291 1196 1616 1243 experimentum
1637 1196 1820 1244 explere,

482 1258 534 1286 ne
552 1245 685 1289 forsan
700 1247 781 1294 ipse
798 1257 1015 1296 cogeretur
1031 1247 1181 1288 Socero
1196 1248 1421 1297 rependere
1434 1248 1649 1292 alimenta,
1669 1256 1715 1286 ut
1731 1246 1818 1294 opi-

482 1301 669 1339 natusest
686 1299 932 1348 Episcopus,-
952 1300 1029 1340 Sed
1049 1300 1161 1340 edita
1179 1312 1248 1349 per
1279 1301 1474 1340 Socerum
1502 1313 1607 1339 nova
1634 1299 1820 1339 declara-

482 1351 598 1394 tione
615 1351 721 1393 haud
733 1352 949 1400 repetendi
966 1353 1587 1403 alimenta,SacraCongregatio
1604 1352 1671 1392 die
1691 1351 1821 1392 8.Au-

483 1402 584 1453 gusti
599 1403 798 1450 praeteriti
813 1404 1340 1454 rescripfit21nDecretissub
1351 1408 1411 1444 die
1433 1405 1678 1456 17.Januarii
1694 1409 1823 1452 v1761.¹

431 1455 591 1497 Eodem
602 1456 738 1496 mense
765 1456 937 1506 Augusti
963 1458 1254 1508 reassumptum
1271 1457 1351 1497 fuit
1366 1458 1567 1504 judicium
1583 1455 1818 1496 dissolutio-

482 1508 543 1547 nis
558 1507 822 1548 Matrimonii
839 1535 853 1554 ‚
883 1510 998 1553 nulla
1015 1511 1118 1551 licet
1134 1510 1325 1560 praemiffa
1342 1511 1554 1550 coactione
1576 1509 1668 1552 Viri
1685 1509 1735 1549 ad
1751 1508 1821 1547 ab-

479 1560 720 1602 solvendam
751 1562 792 1601 in
811 1562 950 1602 Soceri
981 1563 1117 1605 Domo
1149 1564 1397 1605 triennalem
1434 1562 1791 1603 cohabitationem
1806 1589 1818 1600 .

482 1613 536 1651 Et
551 1612 592 1656 in
608 1613 750 1663 primis
774 1624 943 1664 recepta
958 1613 1041 1655 fuit
1065 1618 1200 1663 jurata
1214 1615 1408 1656 Mulieris
1437 1613 1664 1656 declaratio
1679 1638 1693 1660 ,
1721 1625 1820 1652 cum

477 1666 715 1713 J‘uramento
746 1666 939 1716 Septima:
967 1680 1110 1708 manus
1139 1668 1463 1719 Propinquorum
1478 1694 1492 1712 ,
1523 1667 1573 1706 de
1602 1665 1818 1706 conatibus

478 1717 671 1763 iteratis,
704 1719 743 1759 3<
759 1719 809 1761 de
828 1731 1049 1770 numquam
1079 1723 1249 1771 sequuta
1275 1720 1584 1760 consumatione
1600 1743 1614 1763 a
1644 1730 1723 1758 non
1751 1719 1822 1757 ob-

476 1771 673 1809 stantibus
704 1771 879 1810 medelis
898 1771 1093 1813 adhibitis
1109 1799 1122 1818 ‚
1152 1775 1191 1813 ὃς
1219 1773 1393 1821 ρετειὸὶίε
1424 1772 1711 1813 incisionibus..
1741 1769 1819 1809 Vir

478 1834 642 1872 quoque
659 1834 799 1861 coram
812 1822 982 1863 Vicario
998 1825 1195 1868 Generali
1225 1825 1518 1864 Interamnensi
1537 1837 1559 1862 a
1576 1823 1699 1862 Curia
1714 1824 1817 1872 Spo—

474 1873 616 1915 letana
634 1872 827 1923 delegato
857 1884 990 1915 ratam
1011 1878 1154 1918 habuit
1170 1877 1343 1924 primam
1361 1878 1473 1917 suam
1488 1874 1783 1916 confeffionem
1801 1900 1816 1922 ,

476 1934 522 1965 ut
542 1926 659 1975 supra
676 1950 690 1969 ,
717 1925 868 1966 fastam
883 1927 949 1967 die
965 1943 1002 1976 7.
1020 1929 1204 1980 Januarii
1225 1944 1338 1977 1759·
1358 1956 1370 1975 ‚
1397 1931 1436 1970 &
1450 1928 1584 1980 quoad
1605 1928 1735 1977 ipsum
1746 1940 1818 1977 pa·-

475 1978 579 2020 1iter
594 1978 760 2022 acceffit,
788 1980 978 2030 Septimae
999 1994 1142 2022 manus
1170 1984 1450 2029 juramentum
1467 2011 1476 2021 .
1508 1982 1657 2020 Denuo
1686 1979 1814 2021 acciti

472 2032 644 2073 fuerunt
660 2031 885 2083 Chirurgus
900 2034 1004 2074 alias
1017 2036 1064 2075 ab
1078 2035 1277 2085 Episcopo
1295 2035 1518 2083 Spoletano
1546 2033 1713 2073 auditus
1730 2057 1745 2079 ‚
1773 2033 1814 2072 Sc

474 2083 584 2141 alter
597 2083 791 2124 Medicus
807 2111 820 2132 ‚
838 2086 1129 2138 uniformiter
1144 2087 1369 2130 examinati
1382 2087 1667 2131 asseruerunt,
1696 2093 1812 2140 exte-5

478 2147 587 2173 nora
608 2135 867 2194 impotentiae
879 2138 986 2189 signa
999 2140 1107 2180 haud
1123 2138 1346 2191 apparuisse
1361 2139 1402 2180 in
1416 2140 1580 2191 per-afta
1597 2150 1703 2181 nova
1719 2136 1809 2175 Vm

475 2196 762 2244 recognitione
782 2213 796 2234 ‚
820 2201 972 2240 praeter
999 2193 1187 2233 dolorem
1216 2194 1332 2243 supra
1348 2194 1592 2233 recensitum
1608 2217 1622 2237 ,
1653 2190 1703 2237 de
1723 2199 1807 2238 quo

473 2239 700 2297 Chirurgus
719 2243 891 2282 testatur
908 2269 922 2290 ‚
951 2245 991 2288 Sc
1007 2254 1156 2295 praeter
1171 2247 1414 2296 languorem
1428 2245 1608 2296 partium
1621 2269 1635 2290 ‚
1651 2255 1697 2282 ac
1711 2251 1809 2278 con—

473 2301 644 2349 tinuum
658 2293 873 2343 spermatis
890 2321 904 2341 a
935 2309 980 2336 ac
999 2298 1094 2344 lotii
1118 2297 1273 2339 fluxum
1290 2324 1304 2345 ‚
1332 2298 1567 2345 judicantes
1593 2301 1805 2346 propterea

472 2344 590 2383 >illius
612 2344 906 2403 impotentiam
933 2361 979 2388 ex
998 2349 1235 2401 frigiditate
1251 2376 1266 2396 ‚
1293 2360 1417 2402 atque
1432 2351 1549 2391 vitiis
1566 2345 1754 2391 internis,
1767 2345 1806 2385 &

472 2397 702 2455 latentibus
719 2399 906 2451 genitam
925 2412 1169 2452 perpetuam
1187 2402 1280 2445 esse.
1295 2404 1418 2444 Alter
1434 2402 1653 2449 Chirurgus
1666 2406 1807 2454 extra-

472 2448 734 2494 iudicialiter
751 2453 921 2493 testatur
938 2478 953 2498 ‚
983 2455 1169 2496 adhibita
1184 2457 1255 2496 suo
1267 2457 1434 2498 consilio
1457 2451 1570 2496 fuisse
1590 2450 1772 2493 remedla
1790 2473 1807 2494 2

472 2501 542 2558 sed
561 2501 645 2542 illis
662 2504 836 2548 excitari
855 2505 1083 2557 nequivisse
1100 2508 1141 2547 in
1158 2507 1263 2549 Viro*
1275 2507 1502 2558 potentiam
1521 2501 1711 2558 coeundi¹
1721 2515 1736 2542 ‚-
1764 2504 1804 2542 &

470 2551 515 2607 151
529 2554 595 2600 1ps
593 2568 660 2594 um
673 2555 851 2597 affirmat
863 2559 972 2598 alter
986 2559 1180 2604 Medicus
1200 2560 1332 2602 Testis
1346 2559 1498 2609 Pariter
1513 2564 1624 2596 extra
1627 2555 1640 2600 j
1647 2553 1805 2594 udicia-

467 2602 524 2658 138
540 2627 555 2647 9
587 2607 656 2654 qui
674 2608 840 2664 insuper
853 2611 1304 2663 opinaturssperpetuam
1316 2611 1407 2653 Viri
1422 2607 1710 2658 impotentiam
1722 2607 1806 2647 ori-

467 2665 505 2706 ri
522 2666 571 2707 cx
583 2657 933 2711 semiparalyticis
950 2665 1234 2709 musculorum
1251 2661 1527 2710 affefftionibus
1542 2690 1553 2701 .
1586 2658 1801 2703 Tandem-2

993 2740 1001 2747 i
1687 2723 1801 2752 reco*
