1934 2954
526 162 602 199 236

473 209 615 250 Novas
636 206 903 247 nihilominus
933 205 1027 246 huic
1045 206 1171 247 Sacrae
1189 206 1513 258 Congregationi
1542 208 1696 247 obtulit
1724 217 1863 255 preces

523 260 854 302 Confraternitas
874 285 888 303 ‚
919 262 1062 310 quibus
1079 260 1297 299 nostuiavit
1313 286 1326 305 ,
1360 264 1549 300 utrienuo
1567 262 1865 300 reducereiirar

522 326 647 354 onera
677 327 748 361 pro
767 313 889 350 modo
904 313 1148 363 quantitatis
1168 313 1374 351 {ruffinum
1390 339 1402 358 ‚
1431 315 1500 363 qui
1518 327 1620 353 nunc
1637 314 1868 364 percipiun-

523 375 592 406 tur
619 378 665 406 ex
685 366 875 404 Cenfibus
894 389 907 406 ‚
935 376 1062 416 utque
1079 365 1319 405 definiretur
1350 367 1481 404 altera
1493 367 1765 406 controverfia
1791 377 1868 403 nu-

520 431 594 469 per
621 418 802 458 excitata
830 429 852 455 a
884 417 1004 457 Patre
1038 417 1187 456 Carolo
1219 418 1463 457 Paracciano
1487 419 1656 458 Ordinis
1690 419 1731 458 B.
1751 415 1868 457 Petri

522 472 575 511 de
592 470 688 510 Pisis
705 495 718 514 ‚
751 469 819 521 qui
835 482 938 508 anno
960 475 1075 517 1716.
1105 470 1336 521 Judaeorum
1357 483 1514 510 errores
1544 473 1764 511 detestatus
1783 496 1795 516 ‚
1826 470 1866 508 Sc

521 523 671 563 Christi
686 522 809 562 fidem
821 523 1031 571 amplexus
1051 548 1063 568 ‚
1093 524 1203 562 scuta
1217 523 1310 562 osto
1329 523 1486 571 recepit
1498 524 1640 573 vigore
1659 525 1778 570 hujus
1809 523 1867 561 le-

518 575 607 626 gati
626 574 830 624 Propertii
859 575 908 615 de
925 575 1100 625 Angelis
1117 602 1130 621 ,
1161 575 1462 626 contenditque
1493 576 1682 616 eamdem
1709 576 1865 625 praesta-

520 627 686 668 tionem
713 628 781 668 fibi
812 626 997 667 debitam
1015 628 1201 678 quolibet
1225 641 1329 667 anno
1344 654 1357 673 ‚
1388 628 1511 676 usque
1544 630 1640 667 dum
1671 628 1822 667 vixerit
1851 654 1864 666 .

519 679 645 720 Datis
664 689 806 721 autern
821 680 976 721 Literis
996 681 1045 719 ad
1062 680 1446 730 Archiepiscopum,
1461 680 1626 731 auditus
1641 681 1720 719 fuit
1737 678 1863 719 Rea-

519 735 632 773 rolus
651 733 889 772 Paracciani
905 746 919 774 ‚·
948 733 1075 784 quiin
1094 734 1163 772 suo
1181 758 1194 777 ‚
1228 746 1350 784 quem
1378 734 1531 772 obtulit
1548 758 1562 777 ‚
1591 733 1736 773 libello
1765 743 1866 770 con-

519 785 661 826 tendit
682 810 695 829 ‚
730 786 915 834 legatum
933 810 946 829 ‚
978 799 1058 836 quo
1075 784 1312 835 Propertius
1344 786 1393 825 de
1405 786 1578 835 Angelis
1598 785 1768 836 reliquit
1798 785 1864 821 do-

516 840 601 875 dici
617 838 826 885 altriscudi
849 846 916 886 per
926 852 1014 877 anno
1043 851 1065 875 a
1079 839 1198 887 quegli
1214 839 1324 877 Ehret'
1344 863 1356 882 ‚
1386 840 1449 876 che
1466 840 1499 888 fi
1515 838 1731 887 riduceffiro
1748 835 1863 874 alla-s

519 889 624 927 fede
636 890 750 938 nostra
777 890 984 936 Canama,
1013 890 1194 939 restringi
1222 890 1327 930 haud
1346 889 1451 938 posse
1467 891 1516 930 ad
1534 891 1693 930 unicam
1714 889 1866 938 praesta-

521 942 687 983 tionem
703 967 716 987 ,
748 955 844 981 cum
857 941 1032 990 expresse
1047 943 1256 991 praecipiat
1268 944 1517 984 solutionem
1534 943 1752 993 quotannis
1783 941 1865 979 ite-

522 993 692 1034 randam
705 1007 721 1034 ³·
750 994 899 1034 &ideo
914 995 1009 1040 fibi,
1026 995 1263 1045 caeterisque
1280 995 1519 1044 Neophytis
1535 995 1681 1035 Urbini
1696 1004 1866 1034 conver·-

497 1092 501 1095 ,
519 1048 568 1086 fis
596 1047 863 1094 praestandum
891 1045 968 1086 else
1001 1047 1259 1086 cumulative
1284 1047 1448 1096 fingulis
1480 1048 1595 1087 annis
1612 1074 1624 1093 ‚
1656 1048 1865 1097 usquequo

516 1098 717 1138 vixerint,¹
729 1110 803 1143 nec
816 1101 958 1138 censet
973 1098 1142 1138 officere
1157 1099 1364 1147 proprium
1385 1099 1651 1149 quadraginta
1666 1108 1866 1138 annorum

518 1150 731 1191 silentium
761 1176 773 1196 ,
798 1153 922 1202 quum
957 1150 1195 1200 processerit
1220 1163 1268 1190 ex
1295 1152 1416 1197 hujus
1444 1152 1572 1201 legati
1592 1150 1821 1201 ignorantia
1852 1159 1865 1187 ε

521 1215 660 1254 neque
689 1200 877 1243 assertam
898 1203 1075 1243 aliorum
1090 1203 1413 1252 Neophytorum
1431 1203 1748 1246 observantiam,
1766 1200 1862 1251 quia

522 1267 606 1296 non
633 1267 777 1295 omnes
806 1255 1219 1305 UrbiniBaptismum
1244 1265 1491 1306 acceperunt
1509 1282 1522 1301 ,
1553 1265 1598 1295 ut
1615 1254 1766 1305 requiri
1781 1252 1867 1301 opi-

523 1317 649 1348 natur
678 1308 728 1346 ad
744 1308 936 1348 effeaum
960 1308 1234 1359 consequendi
1263 1309 1446 1357 legatum
1464 1322 1478 1349 5
1507 1310 1545 1348 3<
1579 1307 1864 1356 Rescriptum-2

523 1361 654 1400 Sacrae
669 1358 1013 1410 congregationis
1038 1360 1089 1400 de
1100 1361 1360 1400 cumulandis
1377 1361 1575 1400 reditibus
1592 1370 1780 1400 autumat
1799 1357 1864 1397 in·-

519 1411 800 1461 telligendum
816 1411 894 1452 eise
924 1413 1056 1463 quoad
1073 1422 1240 1461 tempus
1258 1412 1514 1457 deficientia:
1539 1413 1860 1462 cujuscumque)

520 1464 745 1513 Neophyti
765 1464 911 1505 Urbini
928 1467 1110 1505 conversi
1128 1490 1140 1510 ‚
1156 1465 1411 1515 minimeque
1427 1464 1658 1504 immutasse
1671 1473 1859 1506 naturam

520 1516 654 1566 legati
675 1541 686 1559 ‚
714 1529 807 1556 cum
823 1517 991 1558 mandet
1014 1515 1170 1557 fruetus
1198 1518 1429 1559 cumulatos
1447 1517 1606 1567 erogari
1624 1514 1742 1571 juxta
1758 1527 1862 1553 men-

523 1581 594 1608 tera
611 1569 797 1619 Testatoris
812 1599 822 1609 .
1242 1577 1250 1580 “

471 1623 556 1671 His
572 1623 826 1672 argumentis
844 1623 1014 1664 minime
1032 1622 1213 1663 adhaeret
1231 1622 1422 1664 Vicarius
1440 1621 1658 1661 Generalis
1685 1620 1723 1660 in
1758 1619 1863 1659 rela-

523 1675 641 1716 tione
659 1685 730 1723 pro
751 1675 1071 1725 Archiepiscopo
1098 1676 1329 1714 transmissa
1347 1700 1360 1719 ,
1387 1688 1482 1714 cum
1501 1674 1541 1712 ei
1569 1674 1759 1713 videatur
1780 1697 1794 1717 ‚
1813 1678 1861 1710 ut

523 1727 651 1769 etiam
663 1726 825 1766 disserit
840 1727 1170 1768 Confraternitas
1185 1755 1197 1773 ‚
1219 1728 1475 1767 Testatorem
1502 1726 1680 1765 voluisse
1710 1736 1860 1766 perne-

524 1780 728 1819 tuitatem
756 1781 884 1829 legati
910 1781 1084 1820 relative
1111 1781 1160 1819 ad
1185 1779 1589 1820 Confraternitatem
1616 1787 1864 1827 gravatam,

524 1834 564 1872 ὃς
581 1831 629 1871 ad
646 1832 893 1871 solutionem
908 1834 1093 1884 quolibet
1107 1844 1212 1871 anno
1229 1832 1459 1872 faciendam
1475 1857 1486 1876 ,
1503 1842 1581 1869 non
1601 1839 1743 1868 autem
1761 1829 1865 1867 rela-

520 1884 613 1923 tive
631 1883 680 1923 ad
693 1882 950 1934 Legatarios‚·
965 1889 1057 1924 cum
1075 1898 1155 1923 non
1170 1885 1383 1926 vocavetit
1398 1884 1664 1932 Neophytos,
1677 1890 1746 1920 aut
1766 1880 1861 1918 Mu·-

522 1937 647 1977 lieres
665 1936 918 1985 poenitentes
932 1964 944 1982 ‚
962 1938 1000 1976 in
1019 1937 1162 1988 quibus
1182 1937 1279 1977 inest
1310 1936 1488 1990 qualitas
1507 1936 1781 1974 conversionis
1799 1932 1861 1971 se-

520 1998 658 2040 quutae
675 2015 686 2033 ‚
700 2001 786 2038 quae
804 1991 928 2037 hapet
943 1992 1121 2030 traetum
1139 1990 1402 2030 successivum
1419 2015 1430 2033 ,
1462 1989 1530 2027 sed
1550 1991 1733 2037 legatum
1762 1984 1861 2024 reli-

525 2041 618 2093 quit
635 2043 787 2092 aquegli
803 2042 928 2087 Ebrei,
950 2044 1012 2082 che
1018 2044 1051 2092 st
1068 2042 1283 2090 riducefflro
1296 2041 1371 2080 alla
1388 2043 1478 2090 sede
1505 2042 1618 2090 nostra
1651 2039 1829 2077 canolica
1843 2059 1857 2081 ‚

523 2095 563 2134 δέ
582 2093 625 2134 in
646 2106 788 2133 eorum
805 2093 1013 2134 defeftum
1031 2109 1052 2132 a
1065 2093 1218 2145 qualche
1228 2098 1431 2134 Meretrice
1445 2120 1458 2139 ,
1475 2093 1576 2141 chesi
1589 2093 1713 2141 vacffs
1733 2092 1856 2130 ridur-

522 2161 562 2186 re
575 2145 652 2184 alla
671 2150 752 2185 vita
767 2149 880 2185 kuona
903 2173 918 2192 ‚
937 2162 955 2185 e
969 2148 1174 2194 Monacarfi
1193 2147 1288 2185 nelle
1308 2149 1519 2186 convertite
1535 2171 1548 2190 ‚
1582 2146 1620 2185 in
1639 2145 1778 2196 quibus
1793 2141 1856 2180 se-

520 2200 606 2239 mel
631 2206 795 2239 tantum
823 2200 1060 2240 verificatur
1086 2201 1365 2249 contemplata
1395 2199 1566 2250 qualitas
1597 2206 1744 2245 optant
1761 2205 1859 2232 con⁴

519 2250 716 2291 verfioffls
734 2275 746 2294 2
773 2253 811 2292 ὃς
841 2252 936 2293 ideo
963 2253 1091 2293 semel
1123 2265 1282 2304 quoque
1311 2252 1571 2302 praestandum
1595 2248 1724 2288 subdit
1739 2248 1856 2295 lega-

519 2312 614 2343 tum
631 2314 640 2341 ε
658 2311 703 2342 ut
723 2313 940 2352 receptum
956 2306 1008 2346 est
1022 2305 1157 2356 quoad
1172 2304 1304 2344 Dotes
1322 2304 1477 2345 Puellis
1501 2303 1541 2341 in
1558 2300 1735 2340 Domino
1753 2325 1765 2344 ,
1785 2299 1857 2337 vel,

518 2357 565 2398 in'
576 2355 714 2397 seculo
730 2356 973 2397 nubentibus
989 2357 1156 2398 reiistas
1174 2383 1188 2402 ‚
1218 2370 1304 2408 quae
1329 2358 1555 2405 praestantur
1586 2352 1750 2402 quidem
1778 2351 1856 2389 fin-

518 2408 626 2460 gulis
641 2407 755 2447 annis
772 2431 786 2452 5
802 2409 869 2450 sed
886 2410 1005 2449 unica
1021 2409 1114 2449 vice
1131 2409 1306 2448 cuilibet
1323 2409 1475 2448 Puellae
1494 2431 1506 2450 2
1535 2405 1628 2457 quia
1654 2403 1778 2443 semel
1809 2404 1852 2442 in

518 2461 578 2501 eis
595 2459 828 2501 verificatur
855 2462 1032 2513 qualitas
1049 2461 1316 2503 Matrimonii
1340 2456 1638 2501 contrahendi.
1673 2456 1848 2506 Atqim

517 2516 622 2554 hane
641 2514 1033 2562 interpretationem
1049 2513 1270 2554 clariorem
1285 2513 1400 2553 reddi
1416 2511 1634 2551 arbitratur
1652 2534 1665 2554 ‚
1693 2518 1783 2547 tum
1798 2520 1849 2548 ex
1907 2535 1911 2538 -

515 2565 774 2605 observantia
789 2566 1257 2618 centumquinquaginta
1275 2575 1488 2606 annorum,
1503 2562 1541 2601 in
1559 2562 1704 2612 quibus
1722 2560 1849 2600 semel

519 2623 684 2673 tantum
699 2619 918 2666 praestitum
932 2618 1014 2660 fuit
1027 2621 1211 2670 legatum
1226 2617 1398 2660 cuilibet
1411 2614 1656 2662 Neophyto‚
1669 2624 1738 2654 aut
1757 2613 1852 2653 Ροε-

518 2669 674 2707 nitenti
689 2680 699 2706 t
713 2678 804 2710 tum
819 2683 866 2711 ex
882 2672 1080 2722 rescripto
1098 2671 1225 2711 Sacrae
1242 2670 1360 2715 hujus
1377 2666 1714 2719 Congregationis
1733 2691 1746 2711 ‚
1764 2678 1852 2716 quae

518 2730 627 2765 2⁰³0
645 2733 758 2770 ι7η.
790 2724 993 2767 cumulari
1024 2723 1217 2777 praecepit
1243 2720 1431 2762 redditus
1447 2746 1459 2768 ,
1485 2719 1659 2760 relative
1679 2720 1730 2760 ad.
1753 2718 1851 2757 illos

1784 2782 1856 2815 an.
