1934 2954
1368 186 1441 224 281

130 241 223 280 cesis
239 263 251 283 ,
266 238 393 278 etiam
410 237 660 286 pertinentes
677 236 724 276 ad
736 233 1006 276 Commendas
1020 232 1444 283 Hierosolymitanas‚

127 291 273 331 nullibi
288 301 423 330 tamen
443 289 690 330 Parochialis
709 288 969 338 praerogativa
985 286 1181 325 decorata
1199 288 1351 337 legitur
1370 290 1443 329 Ec·-

127 345 244 384 clesia
259 369 271 388 ‚
301 344 350 382 de
384 356 459 394 qua
486 344 620 393 agitur
633 369 645 387 ‚
680 341 813 380 Sanni
840 340 1002 390 Joannis
1037 339 1076 377 in
1101 338 1328 389 Villingen.
1344 365 1357 385 ‚
1392 349 1444 381 ut

126 399 291 436 testarur
324 394 611 435 Pro-Vicarius
626 393 841 434 Generalis
859 405 868 431 ε
887 392 1016 434 tertio
1030 403 1076 430 ex
1090 390 1323 432 deficientia
1339 393 1445 432 Fon-

128 449 184 488 tis
201 447 453 496 Baptismalis
471 449 510 487 in
528 448 669 487 eadem
687 447 863 486 Ecclesia
880 470 893 489 ‚
921 454 965 484 ut
979 444 1107 484 etiam
1123 444 1254 483 visum
1271 447 1323 485 est
1337 444 1446 484 Offi-

127 502 224 539 ciali
244 501 509 540 Costantiensi
539 501 578 538 in
596 500 762 538 decreto
779 500 865 537 lato
882 506 1023 537 contra
1037 496 1298 537 Commendae
1315 497 1447 535 Mini-

125 555 249 591 stros:
274 553 312 592 &
331 554 474 602 quarto
497 564 541 591 ex
557 551 747 600 Baptismi
766 552 1027 590 Sacramento
1048 548 1188 588 Pueris
1216 551 1321 589 natis
1337 550 1445 589 intra

129 606 252 653 Septa
280 604 538 644 Commendae
570 604 798 642 ministrato
830 616 900 652 per
917 603 1143 641 Parochum
1172 603 1366 653 Villingae
1398 603 1447 641 ab

126 669 230 696 anno
251 664 362 700 1585.
380 683 393 703 ‚
427 656 605 707 usquein
622 657 789 705 praesens
805 681 817 700 ‚
836 657 874 695 ὅ(
888 668 934 695 ex
950 654 1223 694 Matrimonio
1238 668 1309 704 per
1325 654 1448 693 Com-

126 709 283 748 mendae
300 709 567 749 AEconomum
584 709 793 747 contrasto
810 721 915 747 anno
934 712 1044 754 1736.
1061 719 1198 747 coram
1214 708 1360 748 eodem
1375 706 1449 746 Pa-

125 764 250 801 rocho
265 788 277 807 ,
303 763 414 807 juxta
430 761 626 799 exhibitas
645 761 858 800 Librorum
874 760 1175 800 Parochialium
1190 761 1360 811 partitas
1376 784 1389 803 ‚
1406 759 1450 800 in

128 814 268 864 quibus
301 811 476 862 expresse
502 822 697 859 notatur,
723 813 950 854 Parochum
974 813 1166 862 Villingae
1193 825 1297 852 anno
1328 825 1447 861 1743.

125 877 200 914 pro
216 866 346 904 Puero
365 865 606 914 baptizando
634 866 833 905 accessisse
861 865 910 905 ad
926 864 1049 904 AEdes
1063 865 1326 906 Commendae
1341 889 1355 910 ‚
1379 878 1450 903 non

129 931 177 955 ex
191 918 429 967 ohhgatione,
448 918 519 966 sed
549 919 780 956 humanitatis
791 922 920 968 gratia
937 944 948 964 ‚
973 921 1016 964 ἔγ
1033 919 1111 966 sine
1133 921 1225 956 omni
1234 915 1450 968 prae'udicio

130 971 284 1020 Jurium
297 970 568 1008 Parochialium
583 1001 593 1009 .
623 971 701 1009 His
720 972 829 1010 enim
844 971 998 1010 affibus
1014 996 1026 1016 ‚
1043 971 1261 1009 arbitratur
1315 969 1451 1017 apitu-

125 1023 231 1066 lum,
263 1023 358 1062 satis
376 1022 511 1062 evinci
533 1022 600 1071 Jus
629 1022 869 1063 Parochiale
898 1025 1016 1071 supra
1030 1022 1228 1073 degentes
1258 1023 1297 1061 in
1322 1021 1450 1060 Com·-

123 1072 271 1114 menda
297 1073 436 1114 favore
469 1075 651 1120 ejusdem
682 1075 853 1118 Parochi
870 1075 1065 1125 Villingae
1082 1089 1097 1115 3
1126 1088 1221 1114 cum
1252 1073 1449 1123 Baptismi

123 1127 298 1171 collatio
314 1126 363 1166 ad
379 1126 607 1166 Parochum
622 1127 775 1176 spectet
794 1155 808 1175 ,
839 1129 987 1177 Barbas.
1005 1131 1050 1165 de
1063 1129 1216 1167 Parach.
1230 1131 1451 1177 part.primae

122 1185 271 1228 cap.18.
287 1183 494 1229 num.prim0
513 1204 527 1224 ‚
559 1181 669 1222 Card,
692 1183 806 1219 Petra
824 1183 874 1218 ad
893 1181 1078 1230 Constitut.
1099 1179 1146 1219 ΙΙ.
1177 1183 1347 1228 Gregorii
1378 1180 1449 1216 XI.

119 1246 182 1271 πη
193 1235 298 1276 2.&·1
308 1246 326 1275 3
336 1237 605 1281 .tom.4.pag.28
615 1233 708 1275 50&
722 1233 1040 1274 Matrimonium
1054 1233 1241 1272 contrahi
1257 1231 1374 1280 poffit
1389 1231 1454 1270 so-

123 1284 227 1329 lum,
243 1296 380 1323 coram
396 1284 559 1333 proprio
570 1284 767 1330 Parocho‚
788 1295 835 1325 ut
851 1286 1040 1328 decrevit
1051 1285 1139 1329 Sacq
1156 1285 1315 1328 Concil.
1333 1282 1452 1325 Trici.

125 1341 164 1374 in
174 1336 454 1385 cap.1.ses5.24.
475 1338 519 1373 de
535 1336 694 1383 Reform.
710 1338 928 1378 Matriman.

72 1389 243 1431 Exclusa
259 1401 353 1428 vera
366 1388 690 1429 Parochialitate
704 1415 718 1435 ‚
745 1390 934 1433 defendit
959 1390 1203 1441 Capitulum
1221 1415 1233 1435 ‚
1261 1398 1454 1429 exercere

124 1454 203 1480 non
222 1440 325 1489 poffe
336 1440 634 1490 Cappellanum
649 1444 842 1491 praetensa
860 1443 956 1494 Jura
969 1443 1228 1483 Parochialia
1253 1441 1455 1488 indepen-

124 1493 273 1532 denter
301 1505 323 1532 a
353 1493 534 1536 Parocho
551 1493 743 1544 Villingae
761 1521 774 1540 ‚
798 1497 866 1536 sed
885 1496 923 1535 ei
939 1496 1106 1539 licitum
1137 1496 1211 1534 effe
1239 1494 1456 1532 dumtaxat:

121 1545 516 1586 administrationem
531 1546 698 1586 illorum
717 1549 1074 1588 Sacramentorum
1090 1572 1102 1591 ‚
1121 1561 1207 1597 quae
1226 1545 1304 1584 suis
1322 1541 1459 1582 Fami«

123 1597 289 1637 liaribus
302 1597 579 1636 administrant
595 1611 735 1636 omnes
755 1601 978 1647 Regulares
997 1601 1180 1646 exempti
1199 1624 1211 1641 ,
1228 1593 1457 1635 dummodo

123 1648 158 1687 ii
173 1648 410 1688 Familiares
426 1649 502 1688 fint
517 1672 530 1691 ‚
559 1650 620 1697 qui
637 1648 801 1697 Ecclesiix
814 1675 828 1694 ‚
867 1649 1019 1698 aliisque
1032 1649 1117 1687 locis
1129 1650 1302 1687 Militum
1318 1649 1457 1685 Hiero-

117 1701 413 1750 solymitanorura
427 1723 440 1742 ‚
474 1703 553 1736 affin
561 1700 735 1746 serviunt
751 1726 764 1745 ‚
794 1704 838 1744 εἷς·
852 1705 952 1737 intra
967 1713 1092 1736 eorum
1109 1703 1221 1747 Septa
1235 1724 1247 1743 ‚
1265 1703 1307 1741 ἴθ’
1324 1701 1461 1734 Domos

126 1752 282 1800 resident
295 1775 307 1795 ‚
339 1751 456 1797 acsub
472 1764 592 1787 eorum
606 1752 808 1788 obedientia
820 1754 960 1789 vivunt
976 1776 988 1795 ‚
1019 1753 1113 1788 cilm
1141 1752 1222 1790 fine
1252 1747 1462 1797 copulati-

125 1815 180 1842 vo
195 1802 389 1842 concursu
407 1801 610 1841 dierorum
626 1802 754 1841 trium
768 1803 1058 1853 requifitorum
1075 1802 1318 1841 Familiares
1337 1799 1460 1838 mini-

125 1867 193 1894 me
224 1853 428 1904 gaudeant
454 1854 682 1903 privilegiis
709 1878 723 1898 ‚
756 1856 794 1894 8<
821 1853 1149 1902 exemptionibus
1180 1852 1352 1894 Ordinis
1370 1876 1384 1897 ,
1414 1854 1464 1889 us:

125 1906 322 1947 inhaerens
339 1906 513 1945 censurae
533 1906 810 1945 Sac.Concilii
830 1905 1068 1946 Tridentini
1085 1909 1123 1943 in
1137 1915 1236 1953 cap.1
1249 1904 1458 1952 1,sess.24.

129 1962 176 1997 de
193 1959 354 2006 Reform.
371 1958 555 1997 definivit
570 1958 649 1999 san.
665 1970 789 1998 mem.
806 1958 1030 2007 Gregorius
1051 1956 1171 1996 XIII.
1203 1957 1245 1994 in
1259 1954 1463 1993 Constitu-

127 2012 245 2050 tione
267 2010 526 2060 Circumspefla
541 2015 605 2057 67.
621 2019 700 2054 §.a
728 2011 781 2049 Et
799 2019 1017 2059 propterea
1045 2009 1230 2056 disputat
1247 2030 1261 2050 ‚
1291 2018 1461 2056 neque,

128 2063 305 2102 Fontem
320 2062 611 2112 Baptismalem
644 2063 684 2101 in
703 2063 882 2101 Ecclesia
909 2060 1172 2101 Commendae
1193 2058 1463 2108 erigendum-³

127 2115 234 2160 effe,
262 2127 357 2153 cum
386 2115 432 2153 fit
461 2115 514 2155 de
544 2114 699 2160 juribus
714 2113 931 2163 privativis
963 2112 1151 2152 Ecclefiae
1176 2109 1466 2164 Parochialiss,

127 2167 359 2215 Reinfestuel.
375 2167 438 2205 lib.
455 2180 493 2210 3.
510 2167 703 2206 Dec-retal.
722 2170 852 2212 tit.29.
879 2179 1017 2212 num.9.
1036 2177 1047 2203 ε
1078 2175 1211 2214 neque
1235 2162 1275 2198 in
1292 2170 1338 2197 ea
1357 2167 1463 2198 retl-

127 2220 217 2260 neri
232 2219 336 2269 poffe
354 2219 521 2259 Sacrum
537 2219 722 2259 Chrisma
740 2244 753 2263 ,
782 2230 879 2258 cum
896 2231 976 2257 non
990 2218 1037 2255 fit
1052 2213 1304 2267 Cappellauo
1321 2211 1465 2267 neces-

129 2272 278 2311 sarium
294 2270 345 2311 ad
358 2272 492 2311 ullum
511 2272 627 2312 usum
640 2284 656 2311 2·
685 2272 814 2309 immo
831 2281 975 2318 parum
991 2268 1145 2322 utilem
1163 2261 1299 2300 asserit
1330 2270 1462 2302 etlam

127 2323 415 2364 retentionem
431 2323 533 2362 Olei
551 2322 688 2362 Sanffti
704 2334 776 2372 pro
795 2321 915 2359 unius
934 2318 1116 2374 Familiae
1133 2312 1467 2360 commodo‚cnm

127 2377 224 2416 raro
253 2383 443 2415 occurrat
467 2374 683 2415 neceffitas
716 2374 781 2412 illi
809 2368 1111 2412 administrandi
1126 2368 1464 2406 Sacramentum

132 2429 334 2468 Extremae
350 2426 584 2472 Unfftionis‚
602 2440 682 2477 quo
697 2426 787 2465 casu
804 2422 933 2473 posset
965 2421 1157 2462 Sannum
1175 2419 1333 2461 Oleum
1345 2418 1466 2458 desu-

132 2481 191 2519 mi
207 2493 230 2519 a
244 2493 322 2520 non
337 2479 470 2519 diffita
485 2480 664 2518 Ecclesia
681 2476 916 2517 Parochiali
934 2504 945 2514 .

76 2531 135 2571 Et
161 2532 258 2573 ideo
290 2540 415 2581 negat
439 2557 452 2577 ‚
480 2531 739 2580 Cappellano
754 2527 943 2579 praedicto
961 2526 1141 2566 dandum
1170 2523 1247 2565 effe
1278 2524 1468 2575 quolibet

129 2596 234 2625 anno
258 2585 427 2624 Sacrum
444 2584 632 2624 Chrisma
648 2609 662 2628 ‚
693 2583 732 2623 &
753 2581 910 2622 Oleum
928 2579 1141 2620 Sannum:
1171 2590 1250 2617 non
1265 2578 1469 2625 denegata

127 2637 386 2686 caeteroquin
416 2636 584 2676 illorum
600 2634 828 2674 traditione
859 2632 1030 2674 Vicario
1049 2631 1202 2670 Curato
1229 2630 1268 2667 in
1285 2627 1471 2683 Grunin-

127 2699 207 2738 gen
224 2717 235 2728 .
265 2688 350 2728 Sed
370 2689 588 2728 contendit
604 2713 618 2733 ‚
648 2686 825 2728 eundem
840 2684 1056 2727 Vicarium
1073 2681 1208 2723 teneri
1226 2682 1275 2720 ad
1295 2680 1472 2718 solutio-

126 2751 224 2779 nem
241 2739 452 2781 Taxarum
470 2765 484 2785 ‚
514 2743 580 2781 seu
599 2739 942 2779 Consolationum
958 2763 972 2783 ,
1000 2749 1079 2776 non
1096 2735 1275 2790 obstante
1291 2730 1472 2769 Concor-

123 2791 316 2846 ,diapinita
353 2805 446 2832 cum
464 2793 588 2834 Curia
603 2791 833 2845 Episcopali
859 2803 967 2832 anno
988 2802 1104 2840 1747.
1122 2800 1138 2827 ,-
1173 2797 1268 2838 qu1a
1292 2781 1469 2825 eadem

181 2843 440 2889 Yomxxxl.
1065 2838 1108 2883 N
1122 2850 1149 2879 n
1353 2833 1472 2874 Con·
