1934 2954
91 142 249 183 Primus
267 145 449 183 omnium
465 143 767 184 Canonicaturn
797 144 977 184 obtinuit
1007 144 1192 194 praefatus
1224 109 1475 188 Dominicri}

143 196 318 245 Ciaglia,
334 197 589 236 authoritate
605 196 838 245 Apostolica
854 198 1038 244 provisus
1054 197 1200 236 eodem
1217 211 1320 238 anno
1340 205 1406 243 163
1419 213 1472 245 1.‚

140 253 179 290 &
200 249 315 286 nullo
330 251 484 288 constat
502 249 753 288 documento
768 273 780 292 ‚
799 261 895 288 eum
912 274 924 293 ‚
954 250 1158 300 quousque
1172 248 1474 293 Canonicatum

142 298 317 349 poisedit
333 327 345 347 ‚
374 311 446 340 aut
477 300 691 341 celebrasse
722 301 760 339 in
794 301 971 341 Ecclesia
989 304 1136 340 Ramici
1152 327 1164 346 ,
1195 310 1269 340 aut
1286 301 1442 341 Oleum
1459 329 1474 350 ,

142 352 298 392 Vinum
314 377 325 397 ,
359 355 395 393 δε
429 354 589 393 Hostias
627 353 807 393 tribuisse
830 383 839 392 .
870 355 967 399 Ejus
987 352 1183 394 successor
1214 352 1296 392 fuit
1321 352 1472 394 Uiiffes

142 404 396 445 Caballarius
415 432 426 450 ,
447 407 514 456 qui
531 406 830 446 Canonicatum
847 405 1078 457 assequutus
1103 418 1211 445 anno
1233 410 1348 449 1658.
1365 432 1378 452 ‚
1403 407 1470 445 vi·-

140 469 240 505 gore
261 459 538 508 resignationis
554 485 566 504 ‚
583 458 760 508 primum
776 470 881 497 anno
903 465 1014 506 1670.
1043 458 1225 497 monitus
1259 457 1339 497 fuit
1356 471 1378 498 a
1394 457 1475 498 Ca-

142 509 278 558 pitulo
293 535 304 553 ‚
325 520 370 548 ut·
387 511 542 550 Oleum
563 537 575 555 ,
594 512 749 551 Vinum
765 536 778 555 ,
793 512 831 550 &⁷
847 511 1007 551 Hostias
1025 511 1248 560 praeberets
1281 511 1359 550 Sed
1385 522 1473 551 rem

154 563 383 609 composuit
404 563 672 603 transastione
688 589 700 607 ‚
720 576 797 613 qua
813 563 996 611 promisit
1016 590 1029 609 ‚
1047 571 1234 611 tempore
1250 561 1348 601 vitae
1366 564 1442 602 suae
1458 586 1473 607 ‚

144 624 280 664 pagare
291 616 468 663 scudisei
484 617 523 652 di
541 613 666 654 Giulii
685 630 745 653 10.
757 625 822 664 per
822 617 939 664 feudo
953 641 964 659 ,
981 630 998 653 e
1015 630 1083 654 non
1091 619 1156 665 pio
1169 641 1180 659 ‚
1201 625 1267 664 per
1283 613 1321 652 la
1336 614 1478 654 Farina

136 676 204 716 per
220 667 356 718 Poſsia
368 694 380 713 ‚
403 669 509 717 Oglio
520 678 588 717 per
604 668 641 704 la
657 669 842 716 Lampada
855 692 866 711 ‚
885 682 904 705 e
921 670 1019 706 Vino
1026 677 1092 717 per
1105 667 1137 705 li
1152 669 1186 705 S
1188 668 1342 716 acristcii
1360 668 1472 705 alla-,2

146 721 275 768 Chiesa
294 746 308 765 ‚
326 719 384 758 ita
400 730 538 759 tamen
554 746 567 765 ‚
587 728 634 758 ut
650 720 732 768 post
747 721 832 765 ejus
851 720 1010 759 obitum
1037 720 1179 759 Partes
1207 718 1394 759 redirent
1423 718 1478 760 ad

145 776 338 820 primseva
354 776 441 817 jura
459 797 470 815 ‚
490 785 538 812 ac
555 773 580 810 si
598 772 814 811 transactio
827 772 930 811 inita
945 786 1024 812 non
1039 771 1176 812 fuisset
1191 801 1204 812 .

94 822 328 874 Refignavit
343 825 597 864 Caballarius
615 823 917 864 Canonicatnm
930 837 1038 863 anno
1063 829 1177 873 1692.
1192 823 1335 864 favore
1351 823 1471 862 Fran-

140 876 239 916 cisci
256 877 542 916 Gattamelata
561 904 572 922 ‚
603 889 727 927 quem
753 876 892 917 Testes
920 875 1098 917 afferunt
1114 901 1126 921 ‚
1157 876 1342 923 cotylam
1368 874 1469 916 Vini

138 927 326 978 quotidie
343 927 551 969 tradidiffe
570 959 583 969 .
616 929 697 967 Illo
713 937 853 969 autem
876 928 1069 969 defunsto
1087 955 1101 974 ‚
1133 928 1183 968 de
1212 927 1472 967 Canonicatu

139 981 322 1030 provisus
351 981 431 1020 fuit
471 994 575 1021 anno
607 994 718 1026 1733.
754 981 922 1025 loannes
965 980 1175 1020 Antonius
1219 978 1473 1020 Vanazzotti

140 1033 275 1072 adhuc
293 1032 436 1072 vivens
451 1047 466 1073 ,-
482 1034 534 1072 Et
551 1034 586 1072 is
602 1035 770 1072 testatur
784 1060 797 1079 ,
818 1034 991 1073 eandem
1022 1034 1181 1082 semper
1209 1029 1476 1071 ministrasse,

144 1085 247 1126 Vini
263 1086 490 1124 mensuram
505 1108 516 1129 ‚
530 1100 549 1123 e
562 1095 631 1135 per
644 1087 766 1124 alcuni
779 1089 863 1124 anni
872 1085 1130 1135 somministrai
1154 1097 1282 1123 ancora
1304 1084 1337 1120 il
1356 1095 1475 1132 grano

143 1147 209 1188 per
225 1138 359 1188 l’Ostie
374 1163 388 1183 ,
404 1139 450 1175 ed
462 1140 574 1176 anche
583 1146 649 1187 per
662 1139 818 1189 qualche
826 1148 940 1188 tempo
956 1138 1098 1187 J'Oglio
1122 1146 1187 1186 per
1211 1137 1249 1174 la
1262 1136 1447 1184 Lamp‘ada
1463 1146 1478 1172 τ

140 1204 167 1228 -e
182 1193 237 1229 cib
254 1204 276 1227 a
293 1191 400 1239 causa
414 1213 427 1233 5
444 1192 507 1228 che
517 1192 616 1228 detto
628 1193 848 1235 ,Canonicato
864 1204 988 1230 aveva·
1000 1190 1139 1239 anneffb
1155 1204 1203 1228 un
1219 1189 1273 1226 tal
1281 1188 1379 1238 peso,
1399 1198 1478 1226 con-

138 1243 259 1291 forme
271 1246 325 1280 mi‘
337 1244 474 1280 vem‘va
489 1245 522 1280 ri
519 1243 630 1289 ferito
644 1267 660 1288 ‚>
674 1245 718 1286 τίς·
731 1247 770 1280 in
786 1244 936 1294 qualche
949 1252 1063 1292 tempo
1078 1243 1188 1279 andan·
1204 1240 1358 1290 l'Estate
1384 1253 1406 1277 a
1423 1252 1480 1276 ce-
1536 1286 1537 1289 Ἰ

145 1295 286 1334 lehrare
301 1294 341 1333 la
352 1297 468 1333 Santa
485 1294 605 1343 Meffa
620 1294 706 1332 nelli
716 1299 839 1344 giorm‘
864 1296 1002 1345 Festivs·
1035 1292 1112 1331 alla
1137 1293 1266 1341 Chiesa
1280 1292 1421 1330 Rurale
1437 1291 1478 1327 di

145 1350 291 1387 Ramici
309 1371 322 1391 ‚
334 1347 414 1397 peso
425 1350 626 1396 parimente
641 1349 782 1397 impasto
797 1349 927 1385 adetto
940 1349 1158 1385 Canonicato
1175 1356 1185 1382 τ
1215 1343 1322 1395 quod
1340 1341 1474 1382 forsan

144 1400 299 1439 accidit
312 1425 325 1444 ‚
345 1401 551 1450 postquam
570 1398 792 1438 hodiernus
806 1398 1027 1448 Episcopus
1046 1397 1270 1437 Amerinus
1287 1421 1300 1442 ‚
1334 1396 1375 1435 in
1391 1394 1477 1444 pri-

144 1463 214 1497 ma
232 1449 480 1492 Vifitatione
497 1450 658 1500 peraeta
673 1463 777 1491 anno
798 1465 913 1500 1744.
933 1476 945 1495 ‚
963 1449 1114 1491 servari
1127 1450 1371 1489 decreverat
1387 1460 1485 1486 con-r

143 1504 362 1545 ventiones
380 1503 507 1542 initas
521 1505 567 1542 in
578 1503 846 1543 Instrumento
871 1503 966 1542 anni
988 1506 1101 1542 1628.
1122 1528 1135 1548 ‚
1162 1503 1278 1548 cujus
1301 1500 1474 1549 vigore-2

138 1557 184 1598 ei
200 1557 378 1597 relatum
393 1554 527 1595 fuerat
543 1555 757 1606 sequutam
772 1554 887 1596 fuisse
901 1555 1176 1595 canonicatus
1191 1552 1444 1593 erectionem
1462 1580 1473 1590 .

60 1624 63 1626 ·
95 1609 283 1651 Tandem
295 1609 484 1658 pervenit
501 1607 780 1647 Canonicatus
795 1622 899 1648 anno
922 1620 1035 1656 1752.
1053 1633 1070 1652 5
1090 1607 1233 1656 vigore
1262 1612 1475 1655 permuta-

147 1660 272 1702 tionis
289 1685 303 1705 ,
317 1661 368 1699 ad
386 1660 556 1700 Petrum
570 1661 789 1701 Vescovali
806 1662 827 1700 e
845 1661 1004 1700 Corsica
1021 1659 1243 1699 oriundum
1258 1682 1271 1701 ‚
1289 1657 1358 1706 qui
1377 1667 1478 1695 onus

146 1712 398 1752 ministrandi
419 1713 575 1752 Oleum
592 1737 605 1756 ‚
622 1713 778 1753 Vinum
794 1740 806 1758 ,
823 1715 859 1753 Sc
875 1713 1040 1752 Hostias
1055 1712 1157 1750 tulit
1178 1711 1301 1760 usque
1331 1709 1380 1747 ad
1407 1720 1479 1746 an-

141 1776 366 1811 num1759.
385 1793 394 1802 .
412 1762 530 1802 Tunc
547 1773 687 1802 autem
700 1766 860 1804 recursu
876 1764 1016 1804 habito
1031 1762 1080 1800 ad
1098 1760 1479 1800 hancSacramCon-

148 1816 432 1866 gregationem
449 1839 463 1860 ‚
495 1816 712 1864 postulavit
728 1817 775 1855 ab
793 1817 939 1855 eodem
957 1826 1082 1853 onere
1095 1811 1259 1851 liberari
1277 1839 1293 1868 5
1309 1811 1387 1850 Sed
1406 1822 1477 1859 pa-

148 1868 208 1907 cis
239 1866 525 1915 recuperandae
553 1867 682 1916 gratia
697 1892 709 1911 ‚
739 1868 807 1907 die
822 1881 839 1910 3
853 1883 890 1907 ι,
906 1865 1096 1907 octobris
1117 1869 1228 1911 1760.
1256 1862 1475 1902 libellunh

150 1920 306 1961 obtulit
317 1918 513 1966 Capituio
527 1932 648 1957 manu
667 1919 734 1959 sua
753 1920 1018 1968 subscriptum·
1034 1942 1046 1961 ‚
1060 1930 1140 1967 quo
1155 1915 1376 1965 proposuit·
1389 1928 1473 1952 un..-

158 1972 380 2011 amichevole
397 1973 646 2020 compofizione
662 1995 675 2014 ‚
693 1985 711 2007 o
719 1973 775 2020 fia
791 1973 1068 2022 aggiustamento
1086 1981 1095 2006 ε
1114 1969 1160 2006 ed
1174 1972 1192 2005 ὲ
1207 1991 1219 2010 ,
1237 1968 1276 2004 di
1293 1965 1472 2015 obligare,

156 2028 236 2074 ogni
250 2021 483 2074 qualvoltase
509 2038 552 2061 ne
565 2032 709 2070 ottenga
725 2024 756 2060 il
779 2024 1007 2071 Beneplacito
1033 2018 1236 2069 Apostolico
1251 2042 1264 2062 ‚
1293 2033 1347 2056 me
1367 2016 1474 2068 steffb

148 2079 225 2127 fino
241 2091 262 2114 a
278 2086 378 2114 tanto
393 2098 406 2119 ‚
423 2075 579 2122 che‘saro
589 2073 772 2124 poffeffore
789 2078 829 2112 di
847 2077 945 2113 detto
957 2075 1171 2113 Canonicato
1189 2097 1201 2117 ,
1231 2085 1248 2109 e
1260 2074 1350 2109 tutti
1363 2071 1474 2120 isuc-

156 2130 284 2178 ceffim‘
294 2132 332 2166 in
345 2129 442 2165 detto
471 2131 538 2164 mio
556 2128 767 2165 canonicato
794 2131 832 2165 in
853 2137 1020 2178 perpetuo
1034 2153 1046 2172 ‚
1073 2139 1093 2162 a
1113 2124 1397 2174 somministrare
1409 2136 1478 2161 an-

154 2180 359 2222 nuolmente
377 2205 390 2224 ,
408 2194 426 2216 e
442 2181 769 2230 quotidianamente
785 2180 815 2216 il
825 2181 924 2218 Vino
937 2204 950 2223 ,
966 2194 984 2217 e
998 2177 1128 2228 l'Ostie
1144 2203 1156 2222 ,
1172 2177 1235 2215 che
1240 2177 1399 2225 fizranno
1412 2188 1479 2213 ne-

157 2234 305 2282 ceffarie
314 2241 379 2282 per
395 2233 486 2281 l’usb
501 2231 594 2269 delle
607 2231 722 2280 Meffe
737 2257 750 2278 ‚
765 2233 828 2270 che
836 2233 870 2281 fi
886 2231 1134 2270 celebraranno
1164 2233 1201 2267 in
1219 2230 1321 2266 detta
1349 2227 1480 2276 Chiesa

157 2285 363 2334 collegiata
379 2311 391 2330 ‚
401 2286 534 2334 purche
551 2285 631 2334 resti
637 2285 670 2333 fi
683 2286 734 2330 io,
751 2286 842 2322 chei
861 2288 945 2322 miei
953 2282 1297 2334 ficc‘cefforIsudetti
1313 2279 1421 2328 efenti
1440 2282 1480 2316 iu

77 2344 80 2347 '
144 2346 324 2390 perpetuo
342 2337 442 2374 dalla
469 2337 741 2381 contribuzione
766 2337 967 2386 dell'Oglio
987 2365 996 2375 .
1026 2333 1276 2382 Acceptavit
1309 2331 1481 2381 Capitu-

155 2391 245 2430 lum
261 2390 404 2430 eadem
414 2389 484 2427 die
501 2415 513 2434 ‚
531 2400 609 2427 uno
623 2388 723 2428 licet
740 2387 1000 2428 diffentiente
1026 2384 1257 2435 Capitulari
1271 2408 1284 2428 ‚
1314 2395 1481 2431 compo-

155 2443 346 2482 fitionem
361 2441 604 2491 propositam
619 2453 639 2479 a
652 2440 859 2480 Canonico
876 2439 1094 2481 Vescovaii
1113 2450 1122 2476 :
1141 2438 1194 2476 Et
1210 2448 1351 2485 preces
1368 2435 1482 2474 obla-

160 2503 212 2533 tae
229 2494 395 2534 fuerunt
410 2493 502 2532 huic
524 2493 652 2531 Sacrae
667 2491 987 2543 Congregationi
1004 2503 1074 2540 pro
1103 2490 1286 2536 ejusdem
1314 2499 1484 2537 compo-

166 2546 320 2585 fit-ionis
339 2545 631 2595 approbatione
653 2575 661 2584 .
1437 2590 1444 2596 ,

111 2597 170 2637 Re
186 2606 321 2637 tamen
339 2597 514 2640 infecta,
546 2597 762 2646 postulavit
791 2595 944 2634 iterum
975 2595 1203 2634 eanonicus
1228 2591 1446 2633 Vescovali
1465 2617 1479 2636 ‚

165 2659 210 2688 ut
227 2651 304 2690 haec
323 2650 439 2690 Sacra
458 2649 729 2700 Congregatio
748 2648 1062 2690 controversiam
1091 2645 1277 2687 definiret
1305 2644 1355 2684 ad
1382 2643 1482 2734 jttlris

1428 2705 1489 2733 ra-
