1934 2954
102 845 391 897 Sesx.21.cap.7.

104 900 148 937 cle
164 898 324 947 Reform.

484 151 504 175 2
511 148 561 179 30
607 144 611 151 '

481 192 660 228 videntur
673 191 712 226 in
726 189 894 227 Oratoris
901 190 1073 236 favorem
1085 214 1098 234 ,
1115 199 1157 227 ut
1175 192 1322 239 benigne
1336 189 1559 227 exaudiatur
1574 192 1618 228 ab
1630 190 1706 230 EE.
1728 188 1774 225 V
1773 186 1821 224 V·

535 241 759 292 Reliquum
777 243 846 286 est,
861 242 967 292 quod
984 242 1162 282 BENV.
1183 243 1404 292 dignentur
1418 242 1640 282 decernere

427 296 500 337 An
519 297 696 334 canonico
714 295 884 343 Theologo
910 295 1140 334 cathedralis
1157 297 1324 335 vrbamae
1353 295 1462 333 Petro
1473 295 1618 346 Aloyfio
1634 293 1795 346 Bizjardt'
1808 319 1824 340 ‚

533 348 605 386 loco
635 349 850 386 Dofloratus
880 351 920 386 in
950 346 1142 395 Theologia
1165 373 1177 392 ,
1195 348 1360 397 sufficere
1384 350 1479 396 poffit
1503 350 1719 387 Dofforatus
1746 352 1820 386 iri-³

534 402 695 451 ‘Utroque
726 400 824 450 Jure
855 403 900 438 ab
931 400 1176 448 vniversttate
1206 400 1411 453 Sapientiae
1437 403 1543 440 vrbis
1560 405 1722 442 obtentus
1740 425 1754 446 ‚
1783 405 1823 439 in

533 455 621 504 casu
649 456 724 498 &c-

536 644 538 646 .
587 612 832 663 Negative2·
857 612 924 653 sed
943 610 1022 653 effe
1041 611 1185 653 locum
1202 612 1523 663 dispensationi.

483 822 745 862 ‚IRMANA
773 821 1056 863 AEDICULAE
1087 852 1097 862 .
1153 822 1369 871 Descripta
1385 821 1466 862 fuit
1491 824 1570 861 haec
1588 822 1714 863 Causa
1745 826 1818 865 iri-s

527 875 643 914 Folio
661 874 1001 925 congregationis
1023 875 1172 916 habit-„e
1190 875 1256 915 die
1283 881 1319 914 8.
1338 875 1541 923 praeteriti
1568 877 1713 914 mensis
1737 878 1822 916 Au-

478 927 606 977 gustis
637 926 717 967 Sed
735 928 816 966 EE.
836 929 911 968 ΡΡ.
930 938 1156 968 annuentes
1173 928 1356 977 precibus
1383 928 1531 967 oblatis
1556 928 1725 968 nomine
1741 929 1821 969 Ar-

479 979 932 1020 tifictim·c01itrove1·fie
966 979 1167 1019 AEdiculre
1199 979 1479 1025 adjacentium
1497 980 1819 1029 rescripserunt:

476 1032 614 1070 Dilata
629 1048 656 1067 =
668 1062 677 1070 .
710 1032 875 1072 Interea
892 1033 1082 1073 Vicarius
1096 1032 1353 1080 Apostolicus
1368 1033 1567 1072 Civitatis
1585 1032 1726 1077 Firmi,
1746 1048 1821 1073 no-

475 1084 535 1122 vis
549 1084 658 1122 datis
675 1084 724 1122 ad
746 1085 910 1124 Sacram
928 1085 1307 1135 Congregationem
1324 1084 1720 1130 Litteris,AEdiculae
1736 1087 1822 1135 spe-

473 1136 581 1175 ciem
610 1136 721 1175 hisce
739 1138 872 1177 verbis
890 1137 1101 1177 nunciavit
1132 1153 1158 1173 =
1189 1137 1546 1186 humiditatescatet,
1561 1139 1788 1185 adeofoetida
1802 1164 1819 1185 ,

473 1189 714 1239 &squallida
733 1202 852 1229 manet
869 1217 881 1237 ‚
911 1202 953 1229 ut
982 1192 1131 1229 Divina
1158 1191 1248 1228 inihi
1275 1191 1451 1239 Mysteria
1476 1190 1650 1228 celebrari
1673 1195 1817 1239 penitus

475 1243 685 1280 indecorum
701 1244 845 1292 extstat,
871 1258 910 1282 eo
927 1244 989 1282 vel
1001 1248 1156 1281 maxime
1174 1268 1187 1288 ‚
1215 1241 1435 1294 quodjanua
1452 1245 1502 1280 ad
1520 1243 1706 1292 pul-licam
1720 1249 1822 1282 viam

467 1296 582 1344 posita
588 1305 738 1344 patente
758 1320 770 1340 ‚
794 1307 903 1346 atque
919 1299 1042 1345 aperte}
1071 1298 1217 1335 Divina
1248 1298 1307 1344 agi
1324 1297 1457 1346 neceffe
1477 1297 1526 1345 fit
1542 1320 1555 1340 ‚
1582 1296 1668 1333 dum
1696 1296 1818 1334 lumen

481 1348 633 1385 aliunde
657 1350 818 1397 accipere
834 1362 1012 1398 nequeat:
1041 1350 1135 1399 quod
1161 1352 1319 1398 animum
1335 1373 1348 1392 ‚
1376 1359 1598 1398 mentemque
1625 1349 1824 1389 Celebran-

474 1404 522 1438 tis
540 1413 606 1438 non
617 1408 749 1448 parum
760 1404 958 1450 perturbat
984 1418 1012 1438 ε
1024 1430 1033 1440 .
1063 1400 1227 1440 Deinde
1244 1400 1359 1439 addit
1378 1400 1579 1441 exhibitas
1595 1400 1663 1439 fibi
1678 1399 1826 1441 fuiffos

470 1452 698 1491 relationes
714 1453 950 1493 Peritorum
967 1479 980 1499 ,
1007 1454 1077 1504 qui
1105 1454 1273 1493 censent
1291 1454 1469 1492 relative
1499 1452 1549 1490 ad
1577 1463 1720 1500 operas
1740 1454 1819 1491 im·—

469 1504 706 1554 pendendas
722 1518 794 1555 per
813 1505 958 1544 Fabros
975 1505 1183 1546 Murarios
1200 1532 1213 1551 ‚
1244 1503 1348 1555 poffe
1362 1505 1509 1555 exiguo
1533 1505 1697 1554 sumptu
1727 1506 1819 1545 scu-

472 1565 613 1596 torum
648 1571 710 1605 70-
741 1558 779 1598 in
795 1558 1041 1608 ampliorem
1055 1585 1068 1605 ‚
1100 1559 1138 1598 Sc
1166 1558 1469 1608 elegantiorem
1495 1559 1668 1596 formam
1697 1557 1816 1596 AEdi-

473 1611 611 1649 culam
644 1611 805 1661 redigi,
829 1613 866 1651 ἒς
883 1612 1052 1651 elevato
1075 1609 1234 1650 fornice
1265 1611 1304 1648 in
1322 1622 1368 1649 ea
1402 1610 1618 1649 fenestram
1638 1611 1814 1659 aperiri.

416 1659 566 1703 Refert
588 1662 748 1710 insuper
762 1690 775 1710 ,
801 1677 874 1704 nec
889 1665 987 1709 fibi,
1018 1675 1092 1703 nec
1110 1663 1187 1702 ΡΡ.
1209 1662 1563 1702 Conventualibus
1579 1689 1590 1707 ‚
1622 1676 1723 1712 quos
1741 1676 1815 1705 au·-

471 1714 606 1759 divit,
638 1715 783 1755 datum
801 1715 914 1757 fuisse
934 1724 1250 1757 monumentum
1277 1715 1462 1754 invenire
1479 1741 1490 1760 ‚
1523 1728 1603 1765 quo
1634 1715 1710 1755 ΡΡ.
1744 1715 1815 1763 ipsi

468 1776 694 1817 gravantur
712 1770 992 1809 celebratione
1031 1769 1157 1808 trium
1185 1767 1400 1807 Missarum
1423 1767 1817 1807 hebdomadalium

472 1820 517 1858 in
538 1819 683 1859 eadem
697 1819 889 1861 AEdicula
907 1849 920 1868 ‚
945 1822 1160 1873 solumque
1177 1821 1343 1860 illarum
1361 1831 1462 1859 onus
1479 1844 1492 1864 ‚
1524 1832 1572 1863 ac
1582 1820 1753 1859 duarum
1769 1822 1820 1863 fi-

471 1872 641 1911 milium
659 1897 672 1916 ‚
708 1874 746 1913 ὃ(
761 1875 931 1918 alterius
948 1887 1043 1914 cum
1058 1874 1193 1914 Cantu
1211 1873 1252 1913 in
1272 1873 1382 1913 Festo
1395 1873 1431 1912 S.
1448 1872 1650 1918 Antonii,
1687 1873 1821 1912 adim·-

472 1925 672 1974 plendum
689 1925 727 1964 in
743 1926 975 1977 suffragium
1002 1926 1211 1975 cujusdam
1226 1926 1402 1976 Angarii
1419 1925 1573 1976 Angari
1604 1926 1643 1964 in
1675 1927 1820 1978 seque-

469 1978 556 2016 lam
582 1978 833 2018 redut‘tionis
863 1981 1042 2019 obtentae
1073 1992 1178 2018 anno
1211 1992 1325 2027 1723.
1345 1987 1585 2027 ‚repertum
1600 1976 1716 2018 fuisse
1745 1980 1821 2019 de·-

469 2029 667 2078 scriptum
682 2030 723 2068 in
742 2030 939 2077 Tarbella,
953 2045 1036 2083 quae
1048 2031 1269 2072 asservatur
1285 2031 1324 2073 in
1342 2031 1527 2070 Sacrario
1545 2032 1731 2071 Ecclefiae
1749 2044 1818 2071 eo-

467 2082 659 2121 rumdem
675 2082 752 2122 ΡΡ.
765 2098 782 2125 5
797 2086 835 2125 &
853 2085 1020 2125 taudem
1036 2109 1049 2131 ‚
1066 2084 1215 2135 inquit,
1229 2083 1298 2123 fibi
1315 2082 1430 2123 fuiffe
1446 2084 1674 2126 exhibitum
1693 2084 1817 2136 quod·-

467 2134 565 2173 dam
580 2138 875 2184 pervetustum,
892 2140 996 2177 licet
1012 2137 1188 2178 informe
1205 2136 1458 2177 Testamenti
1473 2137 1810 2187 exemplum‚quo

465 2186 583 2226 idem
611 2188 819 2238 Angarius
845 2190 1032 2231 redditus
1049 2191 1304 2242 quorundam
1327 2189 1532 2230 Bonorum
1547 2188 1734 2228 Patribus
1745 2200 1812 2227 re-

462 2239 594 2291 liquit
612 2265 626 2285 ‚
657 2253 753 2280 cum
768 2255 894 2283 onere
921 2243 1124 2283 dictarum
1140 2241 1352 2281 Missarum
1379 2241 1713 2282 celebrandarum
1733 2241 1808 2279 in-‚

468 2291 652 2333 Ecclefia
671 2293 804 2333 Beatae
820 2295 964 2335 Mariae
983 2295 1166 2346 Virginis
1194 2295 1245 2335 de
1270 2295 1421 2334 Monte
1450 2293 1668 2333 Carmeloz
1694 2305 1811 2332 cum-

466 2357 546 2394 que
563 2345 604 2384 in
621 2358 669 2385 ea
688 2346 813 2386 modo
826 2348 907 2386 illae
923 2359 1002 2387 non
1019 2348 1297 2391 celebrentur,
1313 2347 1445 2386 subdit
1462 2346 1602 2385 Patres
1627 2345 1806 2394 opinari,

462 2399 720 2437 translatum
738 2398 852 2442 fuiffe
868 2412 969 2440 onus
1000 2400 1049 2440 ad
1066 2399 1305 2439 AEdiculam
1324 2398 1460 2439 Sant‘ti
1485 2397 1659 2437 Antonii
1675 2398 1813 2438 Abba-

465 2449 523 2488 tis
535 2464 550 2490 ,-
567 2451 761 2502 suamque
778 2453 1025 2492 relationem
1045 2452 1239 2493 Vicarius
1251 2451 1506 2500 Apostolicus
1525 2449 1734 2489 concludit
1749 2451 1813 2489 as-

467 2501 641 2541 serendo
672 2512 833 2551 paratos
850 2504 928 2545 effe
943 2504 1088 2545 Patres
1105 2532 1119 2551 ‚
1148 2503 1361 2544 Miffarum
1386 2513 1601 2559 numerum
1629 2514 1809 2553 augere..-

463 2555 765 2601 correspefflve
798 2558 848 2597 ad
864 2557 1175 2598 incrementum
1191 2557 1400 2597 redituum
1415 2555 1483 2594 fibi
1499 2564 1545 2592 ex
1554 2558 1811 2606 prophanan-

464 2603 524 2642 dae
543 2604 739 2661 AEdiculae
755 2609 967 2650 locatione
983 2610 1293 2650 obveniendum
1311 2638 1322 2648 .

414 2652 574 2704 Urgent
594 2666 734 2713 itaque
752 2661 893 2702 Patres
922 2674 995 2710 pro
1008 2663 1145 2702 Causae
1160 2661 1418 2705 definitione,
1431 2659 1611 2701 exhibita
1626 2657 1810 2699 Testium

466 2707 719 2760 depositione
736 2713 843 2754 circa
861 2716 1109 2758 vetustatem
1126 2712 1347 2756 Manfionis
1363 2737 1378 2760 ι
1407 2726 1494 2765 quae
1527 2712 1811 2803 superimPOsti*

1789 2774 1809 2801 ἃ
