1934 2954
544 106 621 140 206

476 154 570 194 Has
590 154 739 193 Terras
758 178 771 198 ‚
789 166 873 205 quse
892 152 1019 192 etiam
1037 164 1134 192 num
1154 148 1296 192 locatae
1322 153 1412 192 sunt
1435 162 1504 200 pro
1533 160 1662 190 annua
1681 149 1869 199 pensione

528 207 777 245 ducatorum
793 220 855 255 45.
873 205 1048 250 ‚Comes
1064 206 1287 244 Fiaminius
1305 206 1354 245 de
1371 204 1510 243 Bardis
1529 204 1748 243 hodiernus
1777 202 1864 240 Ab·

532 260 598 298 bas
613 259 728 298 diftae
748 259 931 298 Ecclefiae
947 258 1191 297 deliberavit
1214 259 1249 296 in
1269 258 1579 305 Emphyteufim
1608 256 1657 295 ad
1683 255 1865 295 lineam

532 311 805 351 Masculinam
822 312 860 349 in
876 311 1081 349 infinitum
1098 309 1326 349 concedere
1339 309 1498 349 Comiti
1514 309 1695 348 Horatio
1710 309 1759 347 de
1774 307 1865 346 Bar-

531 364 593 403 dis
607 364 718 403 Patri
735 365 804 403 suo
823 390 835 408 ‚
862 365 900 401 &
915 363 1097 409 Abbatiae
1111 363 1407 410 Compatmno,
1425 374 1495 410 pto
1513 373 1648 400 annuo
1667 371 1862 403 canone)

531 417 775 455 ducatorum
789 428 853 463 45.
870 441 882 460 ,
904 427 996 454 cum
1013 427 1136 454 onere
1157 414 1402 453 meliorandi
1431 413 1599 453 :edificia
1626 427 1696 463 pro
1720 415 1862 452 valore

533 470 778 507 ducatorum
794 482 882 511 3000
900 482 913 507 5
927 469 963 507 ὅ(
982 467 1031 508 ad
1048 470 1154 507 hunc
1173 467 1363 506 effectum
1379 478 1519 516 preces
1539 467 1694 504 obtulit
1725 465 1864 504 *SAN*

532 521 801 560 CTISSIMO
833 519 1079 559 DOMINO
1112 519 1349 558 NOSTRO
1366 546 1378 564 ‚
1407 518 1557 558 deinde
1578 518 1627 557 ad
1655 521 1756 557 hanc
1790 518 1861 556 Sa-

534 586 645 612 cram
663 573 1037 622 Congregationem
1053 571 1231 612 remissas
1251 598 1263 616 ‚
1294 573 1434 622 quibus
1468 571 1721 617 postulabat,
1751 570 1861 619 Apo-

531 627 716 664 stolicum
732 625 926 664 assensum
941 624 1144 673 indulgeri
1162 648 1174 667 ‚
1190 638 1284 663 cum
1302 623 1567 673 derogatione
1588 623 1862 670 Synodalibus

533 679 732 718 Dioecefis
766 676 1132 717 Constitutionibus
1174 677 1480 726 prohibentibus
1526 675 1862 724 emphyteuticas

532 731 809 770 concessiones
840 743 934 780 erga
965 728 1162 768 Patronos
1189 730 1372 768 Ecciefiae
1387 754 1400 773 ‚
1430 729 1496 768 vel
1526 727 1863 776 Consanguineos

532 783 872 824 Beneficiatorum
887 811 900 823 ,.

479 836 597 875 Datoe
613 835 768 874 idcirco
785 834 949 873 fuerunt
966 834 1115 874 Literae
1143 833 1192 872 ad
1212 834 1454 883 Episcopum
1477 860 1488 878 ‚
1524 842 1570 872 ut
1596 833 1747 883 proevia
1763 831 1864 870 Edi-

533 890 689 927 &orum
703 886 889 925 affixione
903 913 914 932 ‚
941 888 978 926 ἃ
1007 887 1158 925 auditis
1187 887 1372 926 Patronis
1393 911 1406 929 ‚
1438 887 1601 925 Sacram
1630 885 1862 935 congrega-

534 941 690 979 tionem
706 940 935 978 instrut‘tarn
950 938 1142 979 redderet
1159 965 1170 983 ,
1193 941 1230 978 ὃ(
1247 949 1394 977 votum
1412 940 1525 977 suum
1544 938 1723 988 aperiret
1739 967 1752 976 Α.
1780 937 1862 976 Re-

534 993 632 1031 tulit
650 1001 790 1030 autem
810 991 1027 1039 Episcopus
1044 1017 1056 1035 ,
1088 991 1194 1040 quod
1211 990 1335 1029 affixis
1352 992 1505 1030 Ediffis
1521 1016 1534 1035 ,
1566 991 1718 1030 nullius
1744 991 1860 1029 obla-

534 1045 611 1087 tio,
627 1045 693 1082 vel
710 1043 910 1090 oppositio
929 1043 1372 1092 supervenit‚quodque
1389 1044 1537 1082 moniti
1553 1043 1738 1082 Comites
1753 1043 1860 1084 Vin-

531 1097 694 1135 centius
707 1120 721 1140 ,
736 1096 772 1134 &
789 1095 959 1133 Carolus
977 1095 1026 1133 de
1043 1094 1180 1132 Bardis
1195 1119 1208 1137 ‚
1239 1107 1411 1143 quorum
1428 1095 1599 1136 Familia
1623 1095 1774 1144 gaudet
1789 1107 1862 1144 pa-

531 1157 698 1188 tronatu
718 1146 852 1186 at‘tivo
868 1159 963 1185 cum
981 1146 1152 1184 Familia
1172 1146 1364 1185 Oratoris
1379 1172 1392 1190 ,
1422 1159 1466 1185 ac
1485 1148 1613 1186 etiam
1632 1147 1782 1195 paffivo
1799 1147 1862 1185 al-

532 1201 732 1240 ternatim
749 1225 761 1243 ,
796 1207 938 1247 aperte
965 1197 1230 1238 dissenserunt
1255 1210 1325 1246 pei·
1342 1199 1536 1248 Epistolas
1568 1200 1607 1238 in
1623 1199 1750 1238 Curia
1764 1199 1862 1248 Epi-

531 1253 685 1303 scopali
711 1252 941 1295 exhibitas,
968 1262 1065 1301 quas
1082 1261 1221 1290 tamen
1255 1251 1475 1301 Episcopus
1503 1264 1583 1294 non
1612 1251 1829 1290 transmifit
1846 1280 1859 1290 .

532 1308 690 1347 Verum
705 1317 752 1344 ex
767 1304 921 1343 libellis
941 1303 1133 1342 Oratoris
1152 1302 1327 1349 eruitur,
1346 1305 1440 1342 illos
1457 1303 1665 1343 dissentire
1679 1328 1693 1348 ‚
1710 1316 1760 1343 ne
1774 1303 1862 1342 Ab·

532 1360 645 1397 bates
660 1355 901 1396 alternatim
915 1355 1096 1405 eligendi
1110 1368 1157 1394 ex
1174 1368 1315 1394 eorum
1331 1357 1503 1395 Familia
1519 1359 1733 1405 priventur
1745 1367 1861 1395 com—

531 1410 656 1449 modo
673 1433 685 1453 ‚
707 1410 744 1448 ὃς
758 1409 1064 1448 obletstameiito
1091 1407 1290 1446 nobilium
1309 1408 1473 1447 AEdium
1506 1409 1543 1446 in
1561 1407 1735 1455 praefatis
1756 1407 1861 1448 Ter-

530 1463 585 1502 ris
605 1461 862 1501 existentium
880 1472 1006 1499 :neve
1024 1461 1101 1499 fine
1119 1460 1237 1499 causa
1255 1460 1526 1501 distrahantur
1541 1463 1643 1500 bona
1658 1461 1861 1500 Ecclefiaei

531 1527 657 1566 quum
676 1513 716 1552 in
734 1514 852 1559 hujus
868 1512 1101 1552 utilitatem
1114 1510 1266 1552 ceffura
1284 1527 1360 1551 non
1393 1513 1584 1552 videatur
1601 1513 1862 1562 Emphyteu-

528 1569 578 1608 fis
594 1565 781 1606 facienda
797 1578 869 1615 pro
882 1564 1046 1604 Canone
1063 1566 1193 1604 solum
1208 1565 1448 1617 adaequante
1479 1566 1689 1604 consuetas
1711 1564 1864 1605 Terra-

533 1633 623 1660 rum
644 1619 852 1669 pensiones
867 1632 881 1658 ,·
898 1617 1090 1668 quoniam
1108 1617 1146 1655 in
1164 1618 1393 1657 suburbanis
1412 1619 1544 1667 pensio
1576 1618 1860 1666 emphyteuti-

527 1686 576 1713 ca
593 1671 802 1712 metienda
818 1671 870 1709 est
887 1681 965 1708 non
978 1682 1025 1710 ex
1042 1669 1239 1709 reditibus
1252 1696 1263 1716 ‚
1280 1670 1345 1709 sed
1360 1682 1408 1710 ex
1423 1671 1615 1719 vigefima
1629 1671 1689 1709 rei
1703 1669 1861 1709 valoris

530 1726 574 1765 in
603 1724 754 1775 viginti
780 1735 904 1766 annos
924 1722 1174 1772 repartiendi
1189 1749 1201 1768 ‚
1229 1723 1388 1773 quando
1406 1723 1689 1772 emphyteusis
1707 1734 1862 1762 conce-⁴

530 1778 643 1816 ditur
658 1777 706 1816 ad
722 1775 890 1816 tertiam
904 1775 1216 1826 generationem
1228 1799 1241 1818 ,
1271 1785 1314 1814 ut
1335 1776 1536 1815 sancitum
1568 1776 1621 1818 est
1648 1780 1686 1814 in
1702 1776 1741 1824 ᾧ.
1757 1776 1865 1826 Qu

531 1844 618 1869 ‘vero
634 1832 761 1868 Leonis
788 1829 910 1877 versic.
940 1830 985 1866 Si
1001 1841 1085 1866 vero
1112 1828 1266 1866 alicuius
1286 1831 1388 1867 auth.
1420 1831 1464 1866 de
1479 1841 1544 1865 non
1560 1827 1668 1867 alien.
1688 1838 1754 1866 aut
1773 1838 1863 1878 per-

533 1892 621 1920 mut.
638 1883 712 1920 reb.
730 1880 964 1931 Ecclefiastic.
980 1880 1149 1918 immobil.

475 1936 637 1977 Orator
653 1946 752 1974 vero
768 1932 954 1973 defendit
973 1959 984 1978 ,
1001 1934 1107 1972 haud
1125 1933 1263 1983 negari
1280 1934 1385 1983 posse
1405 1933 1645 1974 evidentem
1673 1932 1863 1977 Ecclefiae

532 1987 769 2028 utilitatem
788 1986 827 2024 in
845 1986 1111 2035 Emphyteufi
1129 2011 1142 2029 ‚
1159 1999 1231 2033 uro
1244 2000 1321 2037 qua
1337 1988 1496 2026 oblatus
1510 1985 1589 2025 fuit
1605 1986 1747 2025 Canon
1762 1985 1867 2024 adae-

534 2051 660 2092 quans
678 2039 888 2078 consuetas
905 2039 1111 2088 pensiones
1130 2037 1349 2078 Terrarum
1367 2053 1381 2080 ,-
1402 2042 1525 2089 quum
1542 2039 1580 2078 in
1597 2036 1864 2088 Emphyteufi

530 2092 809 2135 Ecclesiastica
824 2091 951 2131 liceat
969 2091 1185 2130 detrahere
1203 2092 1357 2130 sextam
1373 2101 1531 2141 partem
1551 2093 1750 2131 consueta:
1767 2101 1864 2139 pen-

527 2144 649 2185 fionis
667 2153 832 2193 propter
846 2143 1042 2183 fortuitos
1061 2144 1200 2187 casus,
1229 2144 1298 2194 qui
1326 2144 1546 2183 imminent
1573 2145 1865 2194 Emphyteutae

531 2198 573 2247 ᾧ.
591 2197 743 2235 Dudum
760 2223 774 2243 ‚
790 2197 953 2246 ubiglofi
969 2198 1070 2237 verb.
1087 2198 1203 2246 casus,
1219 2199 1263 2242 ὠ·
1280 2197 1318 2245 ξ,
1336 2199 1439 2249 Qu
1453 2211 1537 2236 vcro
1551 2201 1588 2235 in
1597 2202 1712 2246 princ.
1725 2194 1858 2235 Auth.

533 2251 582 2288 de
597 2263 663 2287 non
677 2250 785 2288 alien.
801 2250 863 2288 vel
871 2259 983 2299 perra.
1001 2251 1072 2288 reb.
1088 2247 1190 2288 Eccl.
1209 2278 1218 2288 .
1236 2247 1316 2288 Ubi
1337 2252 1434 2300 ergo
1464 2250 1575 2288 sexta
1593 2260 1680 2296 pars
1698 2258 1777 2284 non
1792 2246 1860 2285 de-

528 2301 711 2341 trahitur
729 2327 742 2347 ‚
761 2302 829 2341 sed
848 2302 1126 2351 emphyteufis
1141 2301 1387 2341 conceditur
1404 2314 1475 2351 pro
1501 2303 1694 2340 consueta
1709 2299 1867 2348 penfio-

528 2367 581 2395 ne
599 2379 613 2398 ,
629 2354 801 2393 evidens
817 2353 973 2394 dicitur
992 2353 1176 2393 Ecclesia
1195 2353 1357 2394 utilitas
1373 2382 1386 2400 ‚
1418 2363 1463 2393 ut
1477 2354 1636 2392 firmant
1663 2352 1859 2399 Scarfant.

526 2410 579 2445 ad
594 2409 778 2456 Ceccoper.
797 2407 937 2446 lucubr.
955 2408 1085 2445 Canon.
1106 2407 1210 2455 lib.4.
1241 2410 1302 2446 tit.
1314 2422 1373 2446 12.
1406 2420 1571 2454 num.49.
1587 2429 1600 2449 ‚
1625 2407 1668 2448 &¹
1682 2406 1777 2443 Rota
1793 2405 1861 2441 de-

525 2461 689 2508 cis-343·
706 2473 845 2499 numa.
866 2462 910 2503 ’ἐγ
924 2472 961 2502 3.
979 2472 1097 2501 coram
1111 2459 1284 2508 Ludovis.
1301 2486 1316 2506 ,
1333 2458 1556 2509 praesertim
1575 2460 1698 2507 quum
1712 2457 1859 2496 Eccle-

524 2514 578 2551 fia
591 2512 791 2552 liberetur
806 2525 828 2552 a
845 2511 1040 2562 periculis
1053 2511 1299 2551 damnorum
1312 2536 1326 2555 ‚
1353 2510 1495 2562 quibus
1513 2509 1723 2555 subjacent
1756 2508 1859 2548 Ter-

527 2576 579 2602 rae
592 2588 606 2606 ‚
623 2565 662 2603 &
679 2565 726 2603 ab
739 2577 864 2605 onere
881 2565 1146 2614 expensarum
1162 2576 1234 2614 pro
1264 2561 1576 2603 conservatione
1592 2589 1606 2607 ‚
1638 2564 1676 2602 ἃ
1694 2573 1855 2610 repara-

526 2615 644 2654 tione
659 2615 941 2661 AEdificiorum
958 2643 972 2664 ‚
1004 2626 1050 2658 ut
1079 2625 1200 2659 notat
1219 2617 1369 2661 Pacem,
1386 2616 1432 2653 de
1444 2614 1548 2654 locat.
1568 2624 1715 2666 cap.14.
1746 2622 1855 2658 σαο-

524 2680 694 2707 numu.
712 2670 762 2707 ad
777 2681 836 2713 τις.

1765 2717 1858 2756 Ma-
