1934 2954
494 131 539 158 ³2

436 177 666 228 Praeterea,
693 172 897 223 subjungit
915 197 929 217 ‚
961 186 1081 214 omne
1112 173 1386 224 praejudicium
1415 175 1576 214 excludi
1605 172 1655 210 ob
1680 171 1821 208 Hiere-

487 222 637 281 ditatis·
661 224 917 273 opulentiam
938 252 950 271 ,
981 228 1019 268 8<
1047 226 1281 266 Puellarum
1309 226 1576 265 dotandarum
1595 221 1822 273 penuriami

490 276 835 333 itaut-indultum
865 277 992 319 fuerit
1023 281 1069 318 ab
1088 281 1162 319 hac
1182 279 1301 318 Sacra
1319 278 1646 329 Congregatione
1676 274 1742 313 dic
1763 278 1822 314 26,

488 326 639 381 Martii
661 341 729 376 173
740 342 770 372 5.
791 355 804 374 ,
820 341 867 371 ut
884 331 1014 379 Dotes
1031 344 1103 380 pro
1120 331 1391 371 Matrimonio
1408 331 1557 373 refifiae
1576 357 1587 375 ‚
1605 331 1642 369 ὃς
1662 327 1699 365 in
1716 326 1823 363 snm-

491 391 557 420 ma
575 379 744 438 scut-25.
776 396 797 421 a
818 383 1025 423 Testatore
1057 383 1260 433 praefinit-„e
1278 410 1304 427 ‚.
1325 382 1470 434 assequi
1486 382 1634 432 pnlsent
1665 378 1821 434 etiam„

485 438 564 481 ‘pro
589 431 865 480 spiritualibus
884 436 1080 483 Nuptiis,
1108 438 1146 476 8<
1175 435 1224 475 ad
1244 436 1410 479 scut.50.
1442 445 1616 474 moneta:
1648 431 1818 471 Ducalis

490 483 635 542 Urbini
672 496 920 537 augerentur
945 490 1008 528 lib.
1029 494 1090 531 85.
1122 491 1270 530 Decret.
1307 491 1428 538 pagin.
1452 501 1536 532 119,
1566 497 1635 524 ter.
1661 498 1676 524 ,·
1719 481 1818 538 quin

488 548 618 576 immo
648 540 954 580 exuberantibus
988 541 1171 590 pecuniis
1202 565 1214 584 ‚
1254 541 1469 588 conspicua
1502 536 1816 578 subministratio

482 589 685 631 scut-300.
711 592 884 642 elargita
911 593 989 633 fuit
1011 593 1374 642 Orphanotrophio
1392 591 1566 631 Urceani
1583 616 1595 635 ,
1625 589 1815 638 aliaun

489 641 590 681 scut..
599 647 685 690 296.
700 653 844 683 mutuo
859 645 1018 692 accepit
1035 645 1114 694 ipsa
1130 645 1414 684 Communitas
1430 670 1442 688 ‚
1475 653 1618 693 praeter
1642 642 1816 694 summas-

490 697 556 736 vel
582 696 628 734 ab
648 696 1050 737 Administratoribus
1077 695 1232 736 debitas
1262 722 1274 742 ‚
1317 699 1383 736 vel
1426 696 1465 735 in
1493 696 1619 743 Capsa
1646 691 1816 738 depositi

488 747 622 788 otiose
636 746 847 790 asservatas
864 779 874 787 .
905 749 956 789 Et
985 750 1076 790 ideo
1101 751 1348 794 arbitratur,
1375 750 1587 798 sequutam
1613 746 1817 793 consigna-

490 801 646 840 tionem
673 800 935 849 pecuniarum
955 826 969 846 ‚
1001 815 1084 853 quae
1109 802 1241 841 otiose
1269 801 1564 841 asservabantur
1592 800 1633 839 in
1654 796 1812 843 Capsa)

491 852 702 902 Deposui,
730 853 889 893 nullum
905 854 1187 902 praejudicium
1207 853 1392 904 irrogaffe
1410 853 1563 892 Puellis
1577 851 1813 892 Urceauen—

487 904 588 944 fibus
615 905 695 944 five
711 906 853 945 elet‘tis
872 932 883 951 ‚
903 908 985 946 sive
1002 905 1200 955 eligendis
1219 934 1230 952 ,
1263 919 1432 958 quarum
1446 905 1679 944 dotationes
1696 911 1814 939 num-

487 968 609 1008 quam
624 956 835 997 absumunt
861 958 1037 1008 integros
1064 957 1216 998 fruetus
1246 958 1624 1006 pia-HiereditatiSJ
1646 954 1713 994 vel
1738 952 1815 990 sal-

485 1018 574 1047 tem
601 1008 832 1048 consultum
860 1009 944 1050 illis
969 1008 1081 1049 fniffe
1123 1023 1192 1061 per
1222 1010 1400 1052 emissam
1424 1009 1716 1059 obligationem
1744 1004 1814 1043 sub

486 1059 819 1105 Fidejuffionibus
836 1061 1074 1100 restituendi
1095 1074 1281 1111 acceptas
1301 1063 1491 1111 pecunias
1507 1086 1520 1105 ‚
1539 1063 1564 1099 fi
1577 1061 1666 1100 aliae
1681 1058 1813 1097 desint

486 1122 559 1159 pro
576 1112 768 1150 solvenda
784 1114 880 1151 dote
898 1113 1040 1151 elet‘ris
1058 1112 1212 1153 Puellis
1232 1144 1240 1152 .
1257 1113 1440 1155 inferens
1455 1122 1686 1162 propterea,
1701 1107 1811 1162 quod

484 1162 768 1202 'Urceanenses
787 1163 1149 1213 haudprospiciant
1164 1164 1397 1206 Puellarum
1415 1165 1592 1208 utilitati
1609 1190 1622 1209 ,
1638 1162 1706 1203 sed
1722 1161 1812 1200 illo-

485 1226 577 1254 rum
593 1215 942 1271 contradistiones
961 1215 1184 1265 dirigantur
1216 1218 1264 1257 ad
1291 1216 1531 1257 evitandam
1563 1215 1810 1255 solutionem

484 1278 751 1317 pecuniarum
765 1291 779 1311 ‚
792 1279 963 1318 quarum
978 1267 1178 1309 declarati
1206 1267 1369 1309 fuerunt
1385 1269 1590 1308 debitores
1607 1266 1645 1306 in
1674 1266 1809 1313 praedi-

484 1319 549 1358 &a
564 1319 807 1360 visitatione
823 1319 917 1359 anni
937 1326 1049 1367 1758.
1066 1347 1078 1365 ‚
1094 1322 1132 1362 3<
1146 1322 1196 1361 ad
1212 1321 1483 1371 effugiendam
1508 1318 1808 1359 restitutionem

482 1369 688 1410 dii‘iorum
706 1373 901 1420 scut.296.
916 1397 928 1418 ,
945 1384 1116 1422 quorum
1134 1374 1381 1414 condonatio
1400 1372 1483 1415 illis
1507 1373 1709 1421 denegata
1725 1368 1808 1409 fuit

482 1424 531 1462 ab
558 1424 632 1462 hac
653 1423 771 1463 Sacra
783 1423 1110 1474 congregatione
1129 1455 1139 1466 .

431 1468 485 1513 Et
500 1475 654 1522 justitia
669 1499 683 1520 ‚
698 1485 822 1526 atque
836 1476 1056 1518 validitate
1070 1478 1228 1519 decreti
1245 1477 1452 1518 vindicata
1466 1502 1479 1521 ‚
1509 1484 1627 1527 putat
1646 1475 1804 1514 inutili-

485 1536 551 1568 ter
580 1528 801 1578 disceptari
831 1529 881 1568 de
908 1530 1128 1570 attentatis
1157 1531 1265 1570 circa
1286 1531 1508 1581 -sequutam
1535 1527 1802 1577 consignatio·

485 1592 581 1619 nem
598 1593 612 1621 ‚·
643 1589 733 1620 tum
750 1581 846 1631 quia
862 1581 899 1619 in
927 1581 1134 1630 Supremis
1164 1582 1454 1622 Tribunalibus
1482 1580 1553 1620 illa
1569 1579 1806 1629 regulantur

485 1643 509 1671 a
528 1632 630 1672 bono
643 1634 731 1679 jure
747 1658 760 1678 ‚
778 1632 825 1672 ad
843 1633 992 1673 tradita
1008 1646 1077 1683 per
1107 1635 1241 1674 Rotam
1256 1650 1323 1675 cor.
1343 1633 1389 1673 cl.
1407 1647 1508 1672 mem.
1536 1633 1644 1672 card.
1664 1632 1808 1669 Tanara

481 1685 685 1734 dectssazz.
702 1699 841 1735 nnm.4.
856 1711 870 1731 ‚
899 1687 1120 1736 praesertim
1133 1688 1336 1738 postquam
1352 1685 1531 1736 pe'cuniae
1558 1684 1809 1732 consumptae.

484 1735 652 1778 fuerunt
679 1737 717 1776 in
734 1738 953 1778 dotatione
982 1739 1159 1785 Puellae,
1185 1751 1279 1780 cum
1307 1739 1478 1790 seqnuto
1503 1735 1803 1779 Matrimonio‚

484 1789 593 1830 itaut
608 1802 670 1830 res
684 1802 763 1833 non
779 1791 826 1829 sit
844 1791 1016 1840 amplius
1035 1793 1206 1841 integi-a,-
1222 1801 1311 1831 tum
1325 1791 1418 1841 quia
1433 1791 1592 1829 nullam
1606 1789 1804 1828 inducere

485 1851 677 1891 poterant
694 1842 984 1882 inhibitionem
998 1845 1064 1884 vel
1082 1844 1229 1884 citatio
1240 1843 1323 1884 diei
1347 1841 1520 1893 14.Ju1ii
1543 1853 1657 1889 1759.
1676 1864 1689 1884 ‚
1717 1853 1803 1890 quae

484 1892 564 1934 fuit
576 1903 781 1945 exequuta
796 1907 864 1943 per
877 1896 965 1935 afta
980 1896 1170 1936 Archivii
1199 1897 1279 1935 fine
1297 1895 1450 1944 Judicis
1476 1893 1767 1942 subscriptione
1786 1917 1802 1939 ‚

483 1946 550 1985 vel
565 1946 760 1996 posterior
778 1947 1004 1997 appellatio
1019 1949 1101 1988 diei
1122 1963 1183 1987 22.
1198 1948 1380 1994 ejusdem
1395 1947 1543 1986 Mensis
1570 1945 1800 1994 praecedens

478 1998 746 2048 pecuniarum
761 1999 1030 2048 depositarum
1043 2001 1310 2043 amotionem,
1327 2011 1373 2040 ex
1391 2012 1470 2050 quo
1486 1997 1657 2037 minime
1670 1995 1805 2036 affice-

482 2059 549 2090 ret
568 2049 609 2091 in
627 2050 743 2091 causa
758 2045 967 2091 commista
980 2053 1147 2092 arbitrio
1165 2052 1377 2102 Episcopi,
1392 2061 1437 2090 ut
1452 2050 1587 2089 firmat
1603 2048 1800 2090 Lancellot.

482 2104 528 2142 de
540 2112 667 2142 artent.
684 2102 811 2153 appell.
823 2105 929 2153 pend.
941 2113 1078 2154 parta.
1097 2114 1170 2155 cap.
1181 2120 1195 2144 1
1207 2119 1241 2143 2.
1257 2104 1368 2142 limit.
1380 2117 1436 2142 10.
1455 2116 1550 2142 num.
1560 2117 1608 2146 1.‚
1622 2105 1665 2146 ξίν
1668 2102 1744 2151 seq.

436 2155 713 2198 Urceanenses
732 2165 874 2193 contra
893 2157 1100 2206 excipiunt
1116 2184 1128 2202 ‚
1153 2157 1303 2196 nedum
1324 2155 1641 2206 exequutionem
1658 2180 1672 2200 ‚
1686 2154 1723 2193 Sc
1737 2152 1798 2192 se-

481 2216 651 2261 quutam
678 2207 1027 2256 consignationem
1056 2235 1069 2255 ‚
1098 2207 1166 2247 sed
1192 2207 1367 2258 gratiam
1395 2207 1520 2256 ipsam
1560 2204 1797 2245 irritandam

480 2257 558 2302 effe
573 2285 587 2307 ‚
615 2267 762 2310 utpote
780 2259 1020 2308 subreptitie
1037 2268 1243 2300 extortam
1259 2286 1274 2306 ‚
1306 2261 1345 2300 Sc
1371 2257 1796 2298 notabiliterlaefivam

478 2312 642 2352 suorum
668 2311 850 2358 jurium,
876 2321 920 2351 ut
946 2321 1088 2352 monet
1122 2313 1233 2352 Card.
1250 2314 1296 2350 de
1309 2313 1410 2350 Luca
1436 2313 1481 2349 de
1508 2310 1612 2358 Penfi
1640 2309 1794 2356 dise.76.

480 2378 578 2404 mem.
588 2376 645 2408 13.
664 2363 810 2403 Gratia
826 2366 946 2412 porro
964 2364 1207 2412 subreptitia
1220 2363 1484 2403 contenditur
1498 2377 1513 2403 ‚·
1528 2361 1619 2412 quia
1632 2360 1794 2400 Baceari

478 2416 522 2455 in
541 2415 725 2463 precibus
739 2415 924 2464 exposuit
941 2442 954 2462 ‚
980 2416 1142 2456 subsidia
1160 2414 1428 2456 Haereditatis
1445 2414 1542 2454 salvi
1569 2412 1795 2451 destinata...

480 2466 560 2507 effe
574 2480 647 2518 pro
663 2467 822 2508 Puellis
839 2466 1156 2509 Ureeanenfibus
1174 2492 1186 2511 ‚
1203 2466 1408 2519 petiitque
1421 2466 1470 2506 ad
1485 2468 1589 2504 hunc
1607 2463 1796 2504 effenum

476 2519 818 2568 dispensationem
844 2520 961 2570 super
987 2520 1143 2570 origi-ne
1168 2520 1329 2560 suarum
1361 2518 1584 2558 Filiarums
1610 2516 1678 2556 sed
1697 2517 1797 2556 reti·

479 2571 570 2610 cuit
593 2572 768 2610 alteram
797 2572 1079 2613 conditionem
1109 2584 1180 2622 pro
1208 2570 1483 2623 affequutione
1509 2567 1798 2608 subsidiorum.»

480 2635 506 2662 -a
523 2622 734 2663 Testatore
752 2623 1024 2674 praescriptam
1037 2649 1050 2669 ‚
1078 2622 1311 2674 nuptiarum
1325 2622 1482 2662 scilicet
1499 2620 1796 2660 contrahenda-

481 2686 576 2717 tum
604 2675 645 2716 in
665 2673 795 2717 Terra
821 2674 1027 2717 Urceani:
1056 2679 1182 2736 quum
1207 2675 1247 2717 in
1265 2674 1525 2716 ‘testamento
1543 2671 1795 2764 praegipiatur

1653 2736 1745 2767 om»
