<?xml version="1.0" encoding="UTF-8"?>
<!DOCTYPE html PUBLIC "-//W3C//DTD XHTML 1.0 Transitional//EN"
    "http://www.w3.org/TR/xhtml1/DTD/xhtml1-transitional.dtd">
<html xmlns="http://www.w3.org/1999/xhtml" xml:lang="en" lang="en">
 <head>
  <title>
</title>
<meta http-equiv="Content-Type" content="text/html;charset=utf-8" />
  <meta name='ocr-system' content='tesseract 3.04.00' />
  <meta name='ocr-capabilities' content='ocr_page ocr_carea ocr_par ocr_line ocrx_word'/>
</head>
<body>
  <div class='ocr_page' id='page_1' title='image "./thesaurusresolut30cath_0445.png"; bbox 0 0 1934 2954; ppageno 0'>
   <div class='ocr_carea' id='block_1_1' title="bbox 105 138 1443 231">
    <p class='ocr_par' dir='ltr' id='par_1_1' title="bbox 105 138 1443 231">
     <span class='ocr_line' id='line_1_1' title="bbox 105 138 1443 231; baseline -0.001 -11"><span class='ocrx_word' id='word_1_1' title='bbox 105 181 352 223; x_wconf 80' lang='lat' dir='ltr'>exercitium</span> <span class='ocrx_word' id='word_1_2' title='bbox 372 206 383 225; x_wconf 93' lang='lat'>,</span> <span class='ocrx_word' id='word_1_3' title='bbox 417 183 455 221; x_wconf 73' lang='lat' dir='ltr'>Sc</span> <span class='ocrx_word' id='word_1_4' title='bbox 471 182 520 219; x_wconf 88' lang='lat' dir='ltr'>ob</span> <span class='ocrx_word' id='word_1_5' title='bbox 537 186 747 220; x_wconf 76' lang='lat' dir='ltr'>tentatum</span> <span class='ocrx_word' id='word_1_6' title='bbox 766 179 1017 219; x_wconf 74' lang='lat' dir='ltr'>adulterium</span> <span class='ocrx_word' id='word_1_7' title='bbox 1036 201 1048 222; x_wconf 91' lang='lat'>‚</span> <span class='ocrx_word' id='word_1_8' title='bbox 1066 180 1174 229; x_wconf 88' lang='lat' dir='ltr'>quod</span> <span class='ocrx_word' id='word_1_9' title='bbox 1190 138 1443 231; x_wconf 52' lang='lat' dir='ltr'>caeteroqlusig</span> 
     </span>
    </p>
   </div>
   <div class='ocr_carea' id='block_1_2' title="bbox 56 230 1457 2685">
    <p class='ocr_par' dir='ltr' id='par_1_2' title="bbox 100 230 1448 798">
     <span class='ocr_line' id='line_1_2' title="bbox 105 230 1442 282; baseline -0.003 -8"><span class='ocrx_word' id='word_1_10' title='bbox 105 235 240 274; x_wconf 84' lang='lat' dir='ltr'>aliena</span> <span class='ocrx_word' id='word_1_11' title='bbox 269 233 474 274; x_wconf 81' lang='lat' dir='ltr'>calumnia</span> <span class='ocrx_word' id='word_1_12' title='bbox 508 234 758 282; x_wconf 83' lang='lat' dir='ltr'>imputatum</span> <span class='ocrx_word' id='word_1_13' title='bbox 788 230 900 272; x_wconf 80' lang='lat' dir='ltr'>fuisse</span> <span class='ocrx_word' id='word_1_14' title='bbox 929 231 1181 279; x_wconf 82' lang='lat' dir='ltr'>Cappellano</span> <span class='ocrx_word' id='word_1_15' title='bbox 1212 232 1261 270; x_wconf 94' lang='lat' dir='ltr'>de</span> <span class='ocrx_word' id='word_1_16' title='bbox 1299 232 1442 272; x_wconf 84' lang='lat' dir='ltr'>auditu</span> 
     </span>
     <span class='ocr_line' id='line_1_3' title="bbox 105 282 1441 331; baseline -0.002 -6"><span class='ocrx_word' id='word_1_17' title='bbox 105 298 127 325; x_wconf 87' lang='lat' dir='ltr'>a</span> <span class='ocrx_word' id='word_1_18' title='bbox 143 285 324 325; x_wconf 81' lang='lat' dir='ltr'>Mnliere</span> <span class='ocrx_word' id='word_1_19' title='bbox 343 286 590 326; x_wconf 78' lang='lat' dir='ltr'>accusatrice</span> <span class='ocrx_word' id='word_1_20' title='bbox 607 312 619 331; x_wconf 86' lang='lat'>,</span> <span class='ocrx_word' id='word_1_21' title='bbox 648 289 815 325; x_wconf 80' lang='lat' dir='ltr'>testatur</span> <span class='ocrx_word' id='word_1_22' title='bbox 846 284 955 325; x_wconf 88' lang='lat' dir='ltr'>idem</span> <span class='ocrx_word' id='word_1_23' title='bbox 984 283 1188 325; x_wconf 79' lang='lat' dir='ltr'>Parochus</span> <span class='ocrx_word' id='word_1_24' title='bbox 1212 282 1441 323; x_wconf 86' lang='lat' dir='ltr'>Cardinelli</span> 
     </span>
     <span class='ocr_line' id='line_1_4' title="bbox 107 335 1438 389; baseline -0.003 -11"><span class='ocrx_word' id='word_1_25' title='bbox 107 339 151 378; x_wconf 89' lang='lat' dir='ltr'>in</span> <span class='ocrx_word' id='word_1_26' title='bbox 171 337 358 377; x_wconf 85' lang='lat' dir='ltr'><strong>examine</strong></span> <span class='ocrx_word' id='word_1_27' title='bbox 388 351 458 389; x_wconf 85' lang='lat' dir='ltr'>pro</span> <span class='ocrx_word' id='word_1_28' title='bbox 479 338 770 379; x_wconf 82' lang='lat' dir='ltr'>informatione</span> <span class='ocrx_word' id='word_1_29' title='bbox 787 336 920 377; x_wconf 72' lang='lat' dir='ltr'>Curiae</span> <span class='ocrx_word' id='word_1_30' title='bbox 936 345 1105 384; x_wconf 85' lang='lat' dir='ltr'>recepto</span> <span class='ocrx_word' id='word_1_31' title='bbox 1122 367 1131 375; x_wconf 92' lang='lat'><strong>.</strong></span> <span class='ocrx_word' id='word_1_32' title='bbox 1162 336 1238 374; x_wconf 88' lang='lat' dir='ltr'>His</span> <span class='ocrx_word' id='word_1_33' title='bbox 1264 348 1361 389; x_wconf 84' lang='lat' dir='ltr'>ergo</span> <span class='ocrx_word' id='word_1_34' title='bbox 1388 335 1438 375; x_wconf 88' lang='lat' dir='ltr'>de</span> 
     </span>
     <span class='ocr_line' id='line_1_5' title="bbox 106 385 1440 437; baseline -0.002 -9"><span class='ocrx_word' id='word_1_35' title='bbox 106 389 229 430; x_wconf 85' lang='lat' dir='ltr'>causls</span> <span class='ocrx_word' id='word_1_36' title='bbox 247 415 260 433; x_wconf 86' lang='lat'>‚</span> <span class='ocrx_word' id='word_1_37' title='bbox 291 400 480 434; x_wconf 78' lang='lat' dir='ltr'>autumat</span> <span class='ocrx_word' id='word_1_38' title='bbox 497 392 717 432; x_wconf 89' lang='lat' dir='ltr'>Promotor</span> <span class='ocrx_word' id='word_1_39' title='bbox 739 390 900 431; x_wconf 82' lang='lat' dir='ltr'>Fiscalis</span> <span class='ocrx_word' id='word_1_40' title='bbox 921 413 933 432; x_wconf 82' lang='lat'>,</span> <span class='ocrx_word' id='word_1_41' title='bbox 960 391 1060 437; x_wconf 82' lang='lat' dir='ltr'>juste</span> <span class='ocrx_word' id='word_1_42' title='bbox 1091 397 1296 430; x_wconf 88' lang='lat' dir='ltr'>remotum</span> <span class='ocrx_word' id='word_1_43' title='bbox 1326 385 1440 427; x_wconf 71' lang='lat' dir='ltr'>tuisse</span> 
     </span>
     <span class='ocr_line' id='line_1_6' title="bbox 112 439 1443 494; baseline -0.002 -15"><span class='ocrx_word' id='word_1_44' title='bbox 112 443 162 480; x_wconf 81' lang='lat' dir='ltr'>ab</span> <span class='ocrx_word' id='word_1_45' title='bbox 175 441 373 492; x_wconf 84' lang='lat' dir='ltr'>Episcopo</span> <span class='ocrx_word' id='word_1_46' title='bbox 404 445 699 494; x_wconf 83' lang='lat' dir='ltr'>Cappellanum</span> <span class='ocrx_word' id='word_1_47' title='bbox 719 469 731 488; x_wconf 89' lang='lat'>‚</span> <span class='ocrx_word' id='word_1_48' title='bbox 759 445 852 482; x_wconf 86' lang='lat' dir='ltr'>cum</span> <span class='ocrx_word' id='word_1_49' title='bbox 882 443 954 481; x_wconf 89' lang='lat' dir='ltr'>ille</span> <span class='ocrx_word' id='word_1_50' title='bbox 985 450 1176 483; x_wconf 83' lang='lat' dir='ltr'>teneatur</span> <span class='ocrx_word' id='word_1_51' title='bbox 1203 440 1318 479; x_wconf 79' lang='lat' dir='ltr'>Curae</span> <span class='ocrx_word' id='word_1_52' title='bbox 1337 439 1443 478; x_wconf 88' lang='lat' dir='ltr'>Ani—</span> 
     </span>
     <span class='ocr_line' id='line_1_7' title="bbox 112 491 1446 543; baseline -0.003 -10"><span class='ocrx_word' id='word_1_53' title='bbox 112 506 272 533; x_wconf 88' lang='lat' dir='ltr'>marum</span> <span class='ocrx_word' id='word_1_54' title='bbox 289 497 505 543; x_wconf 86' lang='lat' dir='ltr'>providere</span> <span class='ocrx_word' id='word_1_55' title='bbox 520 497 571 535; x_wconf 91' lang='lat' dir='ltr'>de</span> <span class='ocrx_word' id='word_1_56' title='bbox 587 496 743 536; x_wconf 85' lang='lat' dir='ltr'>idoneis</span> <span class='ocrx_word' id='word_1_57' title='bbox 765 494 984 534; x_wconf 84' lang='lat' dir='ltr'>Pastoribus</span> <span class='ocrx_word' id='word_1_58' title='bbox 1000 519 1013 538; x_wconf 92' lang='lat'>‚</span> <span class='ocrx_word' id='word_1_59' title='bbox 1040 503 1085 534; x_wconf 90' lang='lat' dir='ltr'>ut</span> <span class='ocrx_word' id='word_1_60' title='bbox 1102 494 1257 534; x_wconf 87' lang='lat' dir='ltr'>censuit</span> <span class='ocrx_word' id='word_1_61' title='bbox 1271 495 1354 532; x_wconf 77' lang='lat' dir='ltr'>haec</span> <span class='ocrx_word' id='word_1_62' title='bbox 1375 491 1446 530; x_wconf 78' lang='lat' dir='ltr'>Sa-</span> 
     </span>
     <span class='ocr_line' id='line_1_8' title="bbox 111 545 1440 597; baseline -0.005 -9"><span class='ocrx_word' id='word_1_63' title='bbox 111 558 180 588; x_wconf 79' lang='lat' dir='ltr'>cra</span> <span class='ocrx_word' id='word_1_64' title='bbox 195 545 473 597; x_wconf 77' lang='lat' dir='ltr'>Congregatio</span> <span class='ocrx_word' id='word_1_65' title='bbox 498 554 535 587; x_wconf 80' lang='lat' dir='ltr'>in</span> <span class='ocrx_word' id='word_1_66' title='bbox 553 551 694 587; x_wconf 69' lang='lat' dir='ltr'>Comen.</span> <span class='ocrx_word' id='word_1_67' title='bbox 715 563 774 587; x_wconf 84' lang='lat'>12.</span> <span class='ocrx_word' id='word_1_68' title='bbox 792 547 942 596; x_wconf 78' lang='lat' dir='ltr'>Aprilis</span> <span class='ocrx_word' id='word_1_69' title='bbox 973 550 1087 594; x_wconf 80' lang='lat'>1698.</span> <span class='ocrx_word' id='word_1_70' title='bbox 1107 547 1170 586; x_wconf 83' lang='lat' dir='ltr'>lib.</span> <span class='ocrx_word' id='word_1_71' title='bbox 1188 552 1253 592; x_wconf 88' lang='lat'>48.</span> <span class='ocrx_word' id='word_1_72' title='bbox 1288 547 1440 582; x_wconf 80' lang='lat' dir='ltr'>Decret.</span> 
     </span>
     <span class='ocr_line' id='line_1_9' title="bbox 109 599 1444 650; baseline -0.003 -11"><span class='ocrx_word' id='word_1_73' title='bbox 109 609 294 649; x_wconf 64' lang='lat' dir='ltr'>pag-179.</span> <span class='ocrx_word' id='word_1_74' title='bbox 314 625 326 644; x_wconf 82' lang='lat'><strong>‚</strong></span> <span class='ocrx_word' id='word_1_75' title='bbox 359 603 397 641; x_wconf 75' lang='lat' dir='ltr'>Sc</span> <span class='ocrx_word' id='word_1_76' title='bbox 416 602 541 641; x_wconf 85' lang='lat' dir='ltr'>tradit</span> <span class='ocrx_word' id='word_1_77' title='bbox 556 602 716 650; x_wconf 75' lang='lat' dir='ltr'>Ansald.</span> <span class='ocrx_word' id='word_1_78' title='bbox 743 605 781 637; x_wconf 77' lang='lat' dir='ltr'>in</span> <span class='ocrx_word' id='word_1_79' title='bbox 808 602 926 638; x_wconf 75' lang='lat' dir='ltr'>addit.</span> <span class='ocrx_word' id='word_1_80' title='bbox 943 600 1109 648; x_wconf 80' lang='lat' dir='ltr'>addecis.</span> <span class='ocrx_word' id='word_1_81' title='bbox 1126 602 1187 645; x_wconf 88' lang='lat'>76.</span> <span class='ocrx_word' id='word_1_82' title='bbox 1204 611 1367 644; x_wconf 85' lang='lat' dir='ltr'>num.24.</span> <span class='ocrx_word' id='word_1_83' title='bbox 1400 599 1444 640; x_wconf 55' lang='grc' dir='ltr'>ἶς’</span> 
     </span>
     <span class='ocr_line' id='line_1_10' title="bbox 100 647 1444 705; baseline -0.004 -15"><span class='ocrx_word' id='word_1_84' title='bbox 100 652 181 703; x_wconf 82' lang='lat' dir='ltr'>seq.</span> <span class='ocrx_word' id='word_1_85' title='bbox 199 665 213 691; x_wconf 82' lang='grc'>,-</span> <span class='ocrx_word' id='word_1_86' title='bbox 243 653 463 701; x_wconf 64' lang='lat' dir='ltr'>praeseitim</span> <span class='ocrx_word' id='word_1_87' title='bbox 489 654 579 704; x_wconf 86' lang='lat' dir='ltr'>quia</span> <span class='ocrx_word' id='word_1_88' title='bbox 607 667 684 692; x_wconf 89' lang='lat' dir='ltr'>non</span> <span class='ocrx_word' id='word_1_89' title='bbox 702 653 838 702; x_wconf 83' lang='lat' dir='ltr'>agitur</span> <span class='ocrx_word' id='word_1_90' title='bbox 869 652 920 691; x_wconf 91' lang='lat' dir='ltr'>de</span> <span class='ocrx_word' id='word_1_91' title='bbox 951 651 1118 692; x_wconf 84' lang='lat' dir='ltr'>Vicario</span> <span class='ocrx_word' id='word_1_92' title='bbox 1150 650 1305 689; x_wconf 81' lang='lat' dir='ltr'>Curato</span> <span class='ocrx_word' id='word_1_93' title='bbox 1334 673 1346 692; x_wconf 80' lang='lat'><strong>‚</strong></span> <span class='ocrx_word' id='word_1_94' title='bbox 1366 647 1444 705; x_wconf 25' lang='lat' dir='ltr'>’sed</span> 
     </span>
     <span class='ocr_line' id='line_1_11' title="bbox 111 703 1448 756; baseline -0.004 -14"><span class='ocrx_word' id='word_1_95' title='bbox 111 716 174 744; x_wconf 87' lang='lat' dir='ltr'>res</span> <span class='ocrx_word' id='word_1_96' title='bbox 191 705 244 744; x_wconf 89' lang='lat' dir='ltr'>est</span> <span class='ocrx_word' id='word_1_97' title='bbox 260 705 310 748; x_wconf 83' lang='lat' dir='ltr'>de</span> <span class='ocrx_word' id='word_1_98' title='bbox 326 705 580 756; x_wconf 85' lang='lat' dir='ltr'>Cappellano</span> <span class='ocrx_word' id='word_1_99' title='bbox 593 706 846 754; x_wconf 73' lang='lat' dir='ltr'>Coadjtltore</span> <span class='ocrx_word' id='word_1_100' title='bbox 862 730 874 751; x_wconf 93' lang='lat'>‚</span> <span class='ocrx_word' id='word_1_101' title='bbox 890 703 959 755; x_wconf 90' lang='lat' dir='ltr'>qui</span> <span class='ocrx_word' id='word_1_102' title='bbox 976 705 1103 754; x_wconf 89' lang='lat' dir='ltr'>potest</span> <span class='ocrx_word' id='word_1_103' title='bbox 1117 704 1302 742; x_wconf 87' lang='lat' dir='ltr'>amoveri</span> <span class='ocrx_word' id='word_1_104' title='bbox 1317 709 1448 741; x_wconf 84' lang='lat' dir='ltr'>etiam</span> 
     </span>
     <span class='ocr_line' id='line_1_12' title="bbox 111 757 350 798; baseline 0.008 -2"><span class='ocrx_word' id='word_1_105' title='bbox 111 757 191 797; x_wconf 85' lang='lat' dir='ltr'>fine</span> <span class='ocrx_word' id='word_1_106' title='bbox 208 758 323 796; x_wconf 86' lang='lat' dir='ltr'>causa</span> <span class='ocrx_word' id='word_1_107' title='bbox 342 786 350 798; x_wconf 86' lang='lat'><em>.</em></span> 
     </span>
    </p>

    <p class='ocr_par' dir='ltr' id='par_1_3' title="bbox 56 807 1453 1802">
     <span class='ocr_line' id='line_1_13' title="bbox 56 807 1447 859; baseline -0.004 -11"><span class='ocrx_word' id='word_1_108' title='bbox 56 813 108 853; x_wconf 81' lang='lat' dir='ltr'>Et</span> <span class='ocrx_word' id='word_1_109' title='bbox 126 809 348 859; x_wconf 81' lang='lat' dir='ltr'>opinatur,</span> <span class='ocrx_word' id='word_1_110' title='bbox 375 811 582 850; x_wconf 76' lang='lat' dir='ltr'>recursum</span> <span class='ocrx_word' id='word_1_111' title='bbox 597 823 618 849; x_wconf 89' lang='lat' dir='ltr'>a</span> <span class='ocrx_word' id='word_1_112' title='bbox 635 810 815 850; x_wconf 86' lang='lat' dir='ltr'>Parocho</span> <span class='ocrx_word' id='word_1_113' title='bbox 830 810 1015 850; x_wconf 86' lang='lat' dir='ltr'>habitum</span> <span class='ocrx_word' id='word_1_114' title='bbox 1045 807 1095 847; x_wconf 90' lang='lat' dir='ltr'>ad</span> <span class='ocrx_word' id='word_1_115' title='bbox 1126 811 1226 847; x_wconf 89' lang='lat' dir='ltr'>hanc</span> <span class='ocrx_word' id='word_1_116' title='bbox 1257 808 1447 846; x_wconf 69' lang='lat' dir='ltr'>Sacram-2</span> 
     </span>
     <span class='ocr_line' id='line_1_14' title="bbox 110 858 1446 913; baseline -0.003 -13"><span class='ocrx_word' id='word_1_117' title='bbox 110 860 486 911; x_wconf 77' lang='lat' dir='ltr'>congregationem</span> <span class='ocrx_word' id='word_1_118' title='bbox 503 863 570 902; x_wconf 88' lang='lat' dir='ltr'>die</span> <span class='ocrx_word' id='word_1_119' title='bbox 593 877 649 910; x_wconf 91' lang='lat'>19.</span> <span class='ocrx_word' id='word_1_120' title='bbox 670 862 922 913; x_wconf 76' lang='lat' dir='ltr'>Septembris</span> <span class='ocrx_word' id='word_1_121' title='bbox 942 887 954 907; x_wconf 85' lang='lat'><strong>‚</strong></span> <span class='ocrx_word' id='word_1_122' title='bbox 971 870 1094 912; x_wconf 85' lang='lat' dir='ltr'>atque</span> <span class='ocrx_word' id='word_1_123' title='bbox 1113 859 1347 899; x_wconf 84' lang='lat' dir='ltr'>Citationes</span> <span class='ocrx_word' id='word_1_124' title='bbox 1365 858 1446 897; x_wconf 87' lang='lat' dir='ltr'>Ca-</span> 
     </span>
     <span class='ocr_line' id='line_1_15' title="bbox 108 910 1447 965; baseline -0.005 -10"><span class='ocrx_word' id='word_1_125' title='bbox 108 914 287 955; x_wconf 87' lang='lat' dir='ltr'>merales</span> <span class='ocrx_word' id='word_1_126' title='bbox 305 915 355 953; x_wconf 85' lang='lat' dir='ltr'>ad</span> <span class='ocrx_word' id='word_1_127' title='bbox 369 916 455 961; x_wconf 86' lang='lat' dir='ltr'>ejus</span> <span class='ocrx_word' id='word_1_128' title='bbox 473 916 699 954; x_wconf 82' lang='lat' dir='ltr'>instantiam</span> <span class='ocrx_word' id='word_1_129' title='bbox 718 912 1069 965; x_wconf 81' lang='lat' dir='ltr'>exequutas‚haud</span> <span class='ocrx_word' id='word_1_130' title='bbox 1088 920 1339 955; x_wconf 73' lang='lat' dir='ltr'>attentatam</span> <span class='ocrx_word' id='word_1_131' title='bbox 1354 910 1447 949; x_wconf 78' lang='lat' dir='ltr'>red-</span> 
     </span>
     <span class='ocr_line' id='line_1_16' title="bbox 112 963 1448 1019; baseline -0.003 -14"><span class='ocrx_word' id='word_1_132' title='bbox 112 966 210 1006; x_wconf 87' lang='lat' dir='ltr'>dere</span> <span class='ocrx_word' id='word_1_133' title='bbox 227 968 394 1008; x_wconf 82' lang='lat' dir='ltr'>valuiffe</span> <span class='ocrx_word' id='word_1_134' title='bbox 411 968 561 1009; x_wconf 59' lang='lat' dir='ltr'>dictam</span> <span class='ocrx_word' id='word_1_135' title='bbox 577 968 831 1007; x_wconf 88' lang='lat' dir='ltr'>amotionem</span> <span class='ocrx_word' id='word_1_136' title='bbox 847 992 860 1011; x_wconf 85' lang='lat'>,</span> <span class='ocrx_word' id='word_1_137' title='bbox 891 969 929 1006; x_wconf 72' lang='lat' dir='ltr'>Sc</span> <span class='ocrx_word' id='word_1_138' title='bbox 949 966 1045 1006; x_wconf 86' lang='lat' dir='ltr'>novi</span> <span class='ocrx_word' id='word_1_139' title='bbox 1062 965 1302 1014; x_wconf 87' lang='lat' dir='ltr'>Cappellani</span> <span class='ocrx_word' id='word_1_140' title='bbox 1319 963 1448 1019; x_wconf 70' lang='lat' dir='ltr'>depu-</span> 
     </span>
     <span class='ocr_line' id='line_1_17' title="bbox 110 1019 1445 1070; baseline -0.005 -11"><span class='ocrx_word' id='word_1_141' title='bbox 110 1019 320 1060; x_wconf 83' lang='lat' dir='ltr'>tationem</span> <span class='ocrx_word' id='word_1_142' title='bbox 348 1047 360 1065; x_wconf 88' lang='lat'>,</span> <span class='ocrx_word' id='word_1_143' title='bbox 403 1033 494 1059; x_wconf 88' lang='lat' dir='ltr'>cum</span> <span class='ocrx_word' id='word_1_144' title='bbox 525 1020 768 1070; x_wconf 85' lang='lat' dir='ltr'>gravatoriis</span> <span class='ocrx_word' id='word_1_145' title='bbox 796 1029 939 1058; x_wconf 87' lang='lat' dir='ltr'>contra</span> <span class='ocrx_word' id='word_1_146' title='bbox 970 1019 1199 1057; x_wconf 89' lang='lat' dir='ltr'>Parochum</span> <span class='ocrx_word' id='word_1_147' title='bbox 1228 1023 1445 1067; x_wconf 78' lang='lat' dir='ltr'>exequutis</span> 
     </span>
     <span class='ocr_line' id='line_1_18' title="bbox 108 1067 1441 1121; baseline -0.003 -12"><span class='ocrx_word' id='word_1_148' title='bbox 108 1082 183 1120; x_wconf 77' lang='lat' dir='ltr'>pro</span> <span class='ocrx_word' id='word_1_149' title='bbox 201 1072 383 1113; x_wconf 80' lang='lat' dir='ltr'>eiusdem</span> <span class='ocrx_word' id='word_1_150' title='bbox 401 1073 498 1112; x_wconf 86' lang='lat' dir='ltr'>novi</span> <span class='ocrx_word' id='word_1_151' title='bbox 527 1072 765 1121; x_wconf 84' lang='lat' dir='ltr'>Cappellani</span> <span class='ocrx_word' id='word_1_152' title='bbox 793 1071 1028 1113; x_wconf 79' lang='lat' dir='ltr'>admistione</span> <span class='ocrx_word' id='word_1_153' title='bbox 1046 1084 1060 1110; x_wconf 81' lang='lat'>‚·</span> <span class='ocrx_word' id='word_1_154' title='bbox 1089 1070 1182 1118; x_wconf 84' lang='lat' dir='ltr'>qnia</span> <span class='ocrx_word' id='word_1_155' title='bbox 1211 1069 1276 1107; x_wconf 86' lang='lat' dir='ltr'>ubi</span> <span class='ocrx_word' id='word_1_156' title='bbox 1307 1067 1441 1117; x_wconf 85' lang='lat' dir='ltr'>agitur</span> 
     </span>
     <span class='ocr_line' id='line_1_19' title="bbox 107 1121 1442 1171; baseline -0.003 -10"><span class='ocrx_word' id='word_1_157' title='bbox 107 1123 159 1162; x_wconf 93' lang='lat' dir='ltr'>de</span> <span class='ocrx_word' id='word_1_158' title='bbox 188 1124 469 1163; x_wconf 87' lang='lat' dir='ltr'>constituendo</span> <span class='ocrx_word' id='word_1_159' title='bbox 496 1124 748 1171; x_wconf 85' lang='lat' dir='ltr'>Coadjutore</span> <span class='ocrx_word' id='word_1_160' title='bbox 780 1125 962 1163; x_wconf 87' lang='lat' dir='ltr'>Parocho</span> <span class='ocrx_word' id='word_1_161' title='bbox 990 1123 1190 1167; x_wconf 81' lang='lat' dir='ltr'>inhabili,</span> <span class='ocrx_word' id='word_1_162' title='bbox 1223 1121 1442 1170; x_wconf 76' lang='lat' dir='ltr'>Episcopus</span> 
     </span>
     <span class='ocr_line' id='line_1_20' title="bbox 115 1172 1450 1226; baseline -0.003 -13"><span class='ocrx_word' id='word_1_163' title='bbox 115 1176 264 1226; x_wconf 79' lang='lat' dir='ltr'>exequi</span> <span class='ocrx_word' id='word_1_164' title='bbox 282 1178 410 1224; x_wconf 84' lang='lat' dir='ltr'>potest</span> <span class='ocrx_word' id='word_1_165' title='bbox 437 1178 505 1216; x_wconf 88' lang='lat' dir='ltr'>sua</span> <span class='ocrx_word' id='word_1_166' title='bbox 524 1178 691 1217; x_wconf 87' lang='lat' dir='ltr'>decreta</span> <span class='ocrx_word' id='word_1_167' title='bbox 708 1203 721 1222; x_wconf 85' lang='lat'>‚</span> <span class='ocrx_word' id='word_1_168' title='bbox 750 1189 826 1218; x_wconf 87' lang='lat' dir='ltr'>non</span> <span class='ocrx_word' id='word_1_169' title='bbox 847 1177 1023 1215; x_wconf 81' lang='lat' dir='ltr'>obstante</span> <span class='ocrx_word' id='word_1_170' title='bbox 1038 1186 1293 1223; x_wconf 76' lang='lat' dir='ltr'>quacumque</span> <span class='ocrx_word' id='word_1_171' title='bbox 1308 1172 1450 1220; x_wconf 81' lang='lat' dir='ltr'>appel-</span> 
     </span>
     <span class='ocr_line' id='line_1_21' title="bbox 115 1223 1453 1274; baseline -0.004 -8"><span class='ocrx_word' id='word_1_172' title='bbox 115 1227 305 1274; x_wconf 84' lang='lat' dir='ltr'>latione,</span> <span class='ocrx_word' id='word_1_173' title='bbox 336 1237 380 1268; x_wconf 88' lang='lat' dir='ltr'>ut</span> <span class='ocrx_word' id='word_1_174' title='bbox 398 1230 600 1270; x_wconf 86' lang='lat' dir='ltr'>sancitum</span> <span class='ocrx_word' id='word_1_175' title='bbox 631 1231 682 1268; x_wconf 90' lang='lat' dir='ltr'>est</span> <span class='ocrx_word' id='word_1_176' title='bbox 710 1229 864 1268; x_wconf 82' lang='lat' dir='ltr'>aSacro</span> <span class='ocrx_word' id='word_1_177' title='bbox 898 1227 1090 1267; x_wconf 86' lang='lat' dir='ltr'>Concilio</span> <span class='ocrx_word' id='word_1_178' title='bbox 1127 1225 1378 1265; x_wconf 84' lang='lat' dir='ltr'>Tridentino</span> <span class='ocrx_word' id='word_1_179' title='bbox 1409 1223 1453 1266; x_wconf 63' lang='lat' dir='ltr'>in,</span> 
     </span>
     <span class='ocr_line' id='line_1_22' title="bbox 106 1278 1449 1330; baseline -0.006 -11"><span class='ocrx_word' id='word_1_180' title='bbox 106 1280 224 1330; x_wconf 55' lang='lat' dir='ltr'>sessa</span> <span class='ocrx_word' id='word_1_181' title='bbox 236 1295 267 1321; x_wconf 86' lang='lat'>1.</span> <span class='ocrx_word' id='word_1_182' title='bbox 282 1286 402 1330; x_wconf 81' lang='lat' dir='ltr'>cap.6.</span> <span class='ocrx_word' id='word_1_183' title='bbox 420 1284 465 1321; x_wconf 84' lang='lat' dir='ltr'>de</span> <span class='ocrx_word' id='word_1_184' title='bbox 481 1284 637 1329; x_wconf 83' lang='lat' dir='ltr'>Reform.</span> <span class='ocrx_word' id='word_1_185' title='bbox 657 1306 669 1325; x_wconf 92' lang='lat'>‚</span> <span class='ocrx_word' id='word_1_186' title='bbox 686 1285 729 1326; x_wconf 78' lang='lat'>&amp;5</span> <span class='ocrx_word' id='word_1_187' title='bbox 747 1282 964 1329; x_wconf 69' lang='lat' dir='ltr'>asanfflem.</span> <span class='ocrx_word' id='word_1_188' title='bbox 983 1280 1173 1318; x_wconf 59' lang='lat' dir='ltr'>Benediffo</span> <span class='ocrx_word' id='word_1_189' title='bbox 1191 1280 1342 1316; x_wconf 49' lang='lat' dir='ltr'>Xlssssin</span> <span class='ocrx_word' id='word_1_190' title='bbox 1357 1278 1449 1313; x_wconf 80' lang='lat' dir='ltr'>Con-</span> 
     </span>
     <span class='ocr_line' id='line_1_23' title="bbox 106 1328 1449 1383; baseline -0.004 -12"><span class='ocrx_word' id='word_1_191' title='bbox 106 1333 232 1383; x_wconf 79' lang='lat' dir='ltr'>stitut.</span> <span class='ocrx_word' id='word_1_192' title='bbox 248 1333 326 1371; x_wconf 86' lang='lat' dir='ltr'>Ad</span> <span class='ocrx_word' id='word_1_193' title='bbox 341 1333 533 1373; x_wconf 65' lang='lat' dir='ltr'>militantis</span> <span class='ocrx_word' id='word_1_194' title='bbox 547 1341 612 1383; x_wconf 84' lang='lat'>48.</span> <span class='ocrx_word' id='word_1_195' title='bbox 631 1343 737 1378; x_wconf 54' lang='lat'>9212.</span> <span class='ocrx_word' id='word_1_196' title='bbox 757 1345 838 1372; x_wconf 77' lang='lat' dir='ltr'>tom.</span> <span class='ocrx_word' id='word_1_197' title='bbox 855 1337 968 1383; x_wconf 84' lang='lat' dir='ltr'>primo</span> <span class='ocrx_word' id='word_1_198' title='bbox 984 1346 998 1371; x_wconf 84' lang='grc'>,-</span> <span class='ocrx_word' id='word_1_199' title='bbox 1028 1333 1065 1370; x_wconf 68' lang='lat'>8&lt;</span> <span class='ocrx_word' id='word_1_200' title='bbox 1087 1330 1212 1369; x_wconf 85' lang='lat' dir='ltr'>tradit</span> <span class='ocrx_word' id='word_1_201' title='bbox 1229 1328 1263 1364; x_wconf 88' lang='lat' dir='ltr'><em>F</em></span> <span class='ocrx_word' id='word_1_202' title='bbox 1266 1342 1393 1376; x_wconf 77' lang='lat' dir='ltr'>agrum.</span> <span class='ocrx_word' id='word_1_203' title='bbox 1410 1331 1449 1365; x_wconf 72' lang='lat' dir='ltr'>in</span> 
     </span>
     <span class='ocr_line' id='line_1_24' title="bbox 116 1382 1451 1434; baseline -0.004 -12"><span class='ocrx_word' id='word_1_204' title='bbox 116 1395 192 1434; x_wconf 84' lang='lat' dir='ltr'>cap.</span> <span class='ocrx_word' id='word_1_205' title='bbox 209 1387 255 1422; x_wconf 86' lang='lat' dir='ltr'>de</span> <span class='ocrx_word' id='word_1_206' title='bbox 268 1388 474 1424; x_wconf 64' lang='lat' dir='ltr'>Refzorihus</span> <span class='ocrx_word' id='word_1_207' title='bbox 494 1400 528 1429; x_wconf 85' lang='lat'>3.</span> <span class='ocrx_word' id='word_1_208' title='bbox 556 1401 653 1427; x_wconf 70' lang='lat' dir='ltr'>mem.</span> <span class='ocrx_word' id='word_1_209' title='bbox 670 1402 709 1433; x_wconf 84' lang='lat'>9.</span> <span class='ocrx_word' id='word_1_210' title='bbox 747 1388 791 1423; x_wconf 81' lang='lat' dir='ltr'>de</span> <span class='ocrx_word' id='word_1_211' title='bbox 806 1385 934 1426; x_wconf 81' lang='lat' dir='ltr'>cleric.</span> <span class='ocrx_word' id='word_1_212' title='bbox 952 1394 1133 1432; x_wconf 77' lang='lat' dir='ltr'>aegrotant.</span> <span class='ocrx_word' id='word_1_213' title='bbox 1158 1412 1168 1421; x_wconf 91' lang='lat'><strong>.</strong></span> <span class='ocrx_word' id='word_1_214' title='bbox 1198 1382 1339 1431; x_wconf 87' lang='lat' dir='ltr'>Atque</span> <span class='ocrx_word' id='word_1_215' title='bbox 1357 1393 1451 1418; x_wconf 88' lang='lat' dir='ltr'>con-</span> 
     </span>
     <span class='ocr_line' id='line_1_25' title="bbox 114 1433 1450 1481; baseline -0.006 -4"><span class='ocrx_word' id='word_1_216' title='bbox 114 1437 251 1477; x_wconf 84' lang='lat' dir='ltr'>tendit</span> <span class='ocrx_word' id='word_1_217' title='bbox 271 1437 515 1479; x_wconf 72' lang='lat' dir='ltr'>excessurum</span> <span class='ocrx_word' id='word_1_218' title='bbox 544 1452 621 1481; x_wconf 86' lang='lat' dir='ltr'>non</span> <span class='ocrx_word' id='word_1_219' title='bbox 639 1438 715 1478; x_wconf 81' lang='lat' dir='ltr'>effe</span> <span class='ocrx_word' id='word_1_220' title='bbox 732 1439 920 1478; x_wconf 84' lang='lat' dir='ltr'>salarium</span> <span class='ocrx_word' id='word_1_221' title='bbox 936 1438 1144 1475; x_wconf 88' lang='lat' dir='ltr'>scutorum</span> <span class='ocrx_word' id='word_1_222' title='bbox 1162 1439 1226 1477; x_wconf 81' lang='lat'>36,</span> <span class='ocrx_word' id='word_1_223' title='bbox 1254 1433 1450 1473; x_wconf 79' lang='lat' dir='ltr'>constitu-</span> 
     </span>
     <span class='ocr_line' id='line_1_26' title="bbox 118 1486 1453 1542; baseline -0.007 -11"><span class='ocrx_word' id='word_1_224' title='bbox 118 1498 210 1531; x_wconf 81' lang='lat' dir='ltr'>tum</span> <span class='ocrx_word' id='word_1_225' title='bbox 227 1490 636 1540; x_wconf 63' lang='lat' dir='ltr'>novoCappellanos</span> <span class='ocrx_word' id='word_1_226' title='bbox 665 1500 754 1530; x_wconf 85' lang='lat' dir='ltr'>tum</span> <span class='ocrx_word' id='word_1_227' title='bbox 783 1492 876 1542; x_wconf 87' lang='lat' dir='ltr'>quia</span> <span class='ocrx_word' id='word_1_228' title='bbox 901 1489 1104 1528; x_wconf 76' lang='lat' dir='ltr'>Parochiae</span> <span class='ocrx_word' id='word_1_229' title='bbox 1132 1486 1287 1527; x_wconf 65' lang='lat' dir='ltr'>fruetus</span> <span class='ocrx_word' id='word_1_230' title='bbox 1314 1486 1453 1524; x_wconf 80' lang='lat' dir='ltr'>ascen-</span> 
     </span>
     <span class='ocr_line' id='line_1_27' title="bbox 116 1537 1445 1590; baseline -0.004 -11"><span class='ocrx_word' id='word_1_231' title='bbox 116 1541 221 1580; x_wconf 91' lang='lat' dir='ltr'>dunt</span> <span class='ocrx_word' id='word_1_232' title='bbox 241 1542 291 1580; x_wconf 88' lang='lat' dir='ltr'>ad</span> <span class='ocrx_word' id='word_1_233' title='bbox 305 1554 435 1584; x_wconf 84' lang='lat' dir='ltr'>annua</span> <span class='ocrx_word' id='word_1_234' title='bbox 451 1544 563 1582; x_wconf 88' lang='lat' dir='ltr'>scuta</span> <span class='ocrx_word' id='word_1_235' title='bbox 581 1558 643 1590; x_wconf 86' lang='lat'>70·</span> <span class='ocrx_word' id='word_1_236' title='bbox 661 1570 674 1589; x_wconf 87' lang='lat'><strong>‚</strong></span> <span class='ocrx_word' id='word_1_237' title='bbox 701 1544 958 1583; x_wconf 70' lang='lat' dir='ltr'>&amp;parochus</span> <span class='ocrx_word' id='word_1_238' title='bbox 982 1540 1162 1589; x_wconf 87' lang='lat' dir='ltr'>provisus</span> <span class='ocrx_word' id='word_1_239' title='bbox 1178 1541 1229 1578; x_wconf 83' lang='lat' dir='ltr'>est</span> <span class='ocrx_word' id='word_1_240' title='bbox 1256 1539 1305 1577; x_wconf 89' lang='lat' dir='ltr'>de</span> <span class='ocrx_word' id='word_1_241' title='bbox 1332 1537 1445 1576; x_wconf 85' lang='lat' dir='ltr'>bonis</span> 
     </span>
     <span class='ocr_line' id='line_1_28' title="bbox 117 1592 1450 1646; baseline -0.005 -14"><span class='ocrx_word' id='word_1_242' title='bbox 117 1593 475 1644; x_wconf 81' lang='lat' dir='ltr'>patrimonialibus</span> <span class='ocrx_word' id='word_1_243' title='bbox 489 1609 504 1635; x_wconf 75' lang='lat'><em>3</em></span> <span class='ocrx_word' id='word_1_244' title='bbox 534 1605 620 1634; x_wconf 86' lang='lat' dir='ltr'>turn</span> <span class='ocrx_word' id='word_1_245' title='bbox 636 1597 728 1646; x_wconf 85' lang='lat' dir='ltr'>quia</span> <span class='ocrx_word' id='word_1_246' title='bbox 756 1596 806 1635; x_wconf 89' lang='lat' dir='ltr'>de</span> <span class='ocrx_word' id='word_1_247' title='bbox 823 1596 934 1634; x_wconf 87' lang='lat' dir='ltr'>bonis</span> <span class='ocrx_word' id='word_1_248' title='bbox 952 1594 1137 1632; x_wconf 46' lang='lat' dir='ltr'>Ecclesiae</span> <span class='ocrx_word' id='word_1_249' title='bbox 1157 1592 1267 1640; x_wconf 77' lang='lat' dir='ltr'>prius</span> <span class='ocrx_word' id='word_1_250' title='bbox 1289 1592 1341 1628; x_wconf 87' lang='lat' dir='ltr'>est</span> <span class='ocrx_word' id='word_1_251' title='bbox 1357 1601 1450 1637; x_wconf 80' lang='lat' dir='ltr'>pro-</span> 
     </span>
     <span class='ocr_line' id='line_1_29' title="bbox 118 1641 1453 1698; baseline -0.007 -11"><span class='ocrx_word' id='word_1_252' title='bbox 118 1644 342 1687; x_wconf 69' lang='lat' dir='ltr'>videndum</span> <span class='ocrx_word' id='word_1_253' title='bbox 363 1647 621 1694; x_wconf 84' lang='lat' dir='ltr'>Coadjutori,</span> <span class='ocrx_word' id='word_1_254' title='bbox 637 1649 705 1698; x_wconf 88' lang='lat' dir='ltr'>qui</span> <span class='ocrx_word' id='word_1_255' title='bbox 723 1647 907 1691; x_wconf 82' lang='lat' dir='ltr'>inservit,</span> <span class='ocrx_word' id='word_1_256' title='bbox 926 1646 1047 1698; x_wconf 70' lang='lat' dir='ltr'>quam</span> <span class='ocrx_word' id='word_1_257' title='bbox 1064 1645 1247 1684; x_wconf 84' lang='lat' dir='ltr'>Parocho</span> <span class='ocrx_word' id='word_1_258' title='bbox 1265 1641 1453 1686; x_wconf 85' lang='lat' dir='ltr'>inhabili,</span> 
     </span>
     <span class='ocr_line' id='line_1_30' title="bbox 114 1697 1451 1749; baseline -0.003 -13"><span class='ocrx_word' id='word_1_259' title='bbox 114 1705 161 1736; x_wconf 90' lang='lat' dir='ltr'>ut</span> <span class='ocrx_word' id='word_1_260' title='bbox 175 1707 294 1740; x_wconf 80' lang='lat' dir='ltr'>notat</span> <span class='ocrx_word' id='word_1_261' title='bbox 312 1701 497 1749; x_wconf 82' lang='lat' dir='ltr'>Ventrigl.</span> <span class='ocrx_word' id='word_1_262' title='bbox 518 1705 557 1739; x_wconf 79' lang='lat' dir='ltr'>in</span> <span class='ocrx_word' id='word_1_263' title='bbox 573 1703 689 1744; x_wconf 75' lang='lat' dir='ltr'>me,</span> <span class='ocrx_word' id='word_1_264' title='bbox 702 1700 917 1749; x_wconf 61' lang='lat' dir='ltr'>smnches.</span> <span class='ocrx_word' id='word_1_265' title='bbox 931 1710 1052 1737; x_wconf 55' lang='lat' dir='ltr'>romaz.</span> <span class='ocrx_word' id='word_1_266' title='bbox 1077 1699 1273 1744; x_wconf 65' lang='lat' dir='ltr'>,adnot.13.</span> <span class='ocrx_word' id='word_1_267' title='bbox 1296 1703 1330 1738; x_wconf 58' lang='grc' dir='ltr'>θ’.</span> <span class='ocrx_word' id='word_1_268' title='bbox 1352 1697 1451 1735; x_wconf 77' lang='lat' dir='ltr'>unic.</span> 
     </span>
     <span class='ocr_line' id='line_1_31' title="bbox 115 1753 430 1802; baseline 0.013 -15"><span class='ocrx_word' id='word_1_269' title='bbox 115 1756 280 1791; x_wconf 55' lang='lat' dir='ltr'>numa&amp;</span> <span class='ocrx_word' id='word_1_270' title='bbox 300 1753 430 1802; x_wconf 49' lang='grc' dir='ltr'>ἐσέβη.</span> 
     </span>
    </p>

    <p class='ocr_par' dir='ltr' id='par_1_4' title="bbox 66 1795 1457 2216">
     <span class='ocr_line' id='line_1_32' title="bbox 66 1795 1451 1853; baseline -0.002 -15"><span class='ocrx_word' id='word_1_271' title='bbox 66 1798 224 1842; x_wconf 75' lang='lat' dir='ltr'>Verum</span> <span class='ocrx_word' id='word_1_272' title='bbox 238 1801 442 1841; x_wconf 83' lang='lat' dir='ltr'>Parochus</span> <span class='ocrx_word' id='word_1_273' title='bbox 454 1803 683 1843; x_wconf 86' lang='lat' dir='ltr'>Cardinelli</span> <span class='ocrx_word' id='word_1_274' title='bbox 705 1829 718 1847; x_wconf 91' lang='lat'>‚</span> <span class='ocrx_word' id='word_1_275' title='bbox 745 1804 901 1841; x_wconf 89' lang='lat' dir='ltr'>nullam</span> <span class='ocrx_word' id='word_1_276' title='bbox 929 1802 1050 1840; x_wconf 87' lang='lat' dir='ltr'>fidem</span> <span class='ocrx_word' id='word_1_277' title='bbox 1076 1799 1346 1839; x_wconf 83' lang='lat' dir='ltr'>adhibendam</span> <span class='ocrx_word' id='word_1_278' title='bbox 1373 1795 1451 1853; x_wconf 75' lang='lat' dir='ltr'>esse</span> 
     </span>
     <span class='ocr_line' id='line_1_33' title="bbox 115 1849 1457 1898; baseline -0.005 -5"><span class='ocrx_word' id='word_1_279' title='bbox 115 1853 334 1893; x_wconf 78' lang='lat' dir='ltr'>contendit</span> <span class='ocrx_word' id='word_1_280' title='bbox 368 1854 584 1894; x_wconf 66' lang='lat' dir='ltr'>succincstis</span> <span class='ocrx_word' id='word_1_281' title='bbox 604 1855 871 1896; x_wconf 86' lang='lat' dir='ltr'>relationibus</span> <span class='ocrx_word' id='word_1_282' title='bbox 898 1851 1149 1892; x_wconf 84' lang='lat' dir='ltr'>Cancellarii</span> <span class='ocrx_word' id='word_1_283' title='bbox 1173 1849 1425 1898; x_wconf 79' lang='lat' dir='ltr'>Episcopalis</span> <span class='ocrx_word' id='word_1_284' title='bbox 1442 1872 1457 1892; x_wconf 88' lang='lat'>‚</span> 
     </span>
     <span class='ocr_line' id='line_1_34' title="bbox 117 1901 1453 1955; baseline -0.004 -11"><span class='ocrx_word' id='word_1_285' title='bbox 117 1906 200 1945; x_wconf 89' lang='lat' dir='ltr'>fine</span> <span class='ocrx_word' id='word_1_286' title='bbox 216 1903 475 1948; x_wconf 79' lang='lat' dir='ltr'>Proceffuum</span> <span class='ocrx_word' id='word_1_287' title='bbox 495 1907 751 1946; x_wconf 85' lang='lat' dir='ltr'>exhibitione</span> <span class='ocrx_word' id='word_1_288' title='bbox 766 1931 778 1950; x_wconf 85' lang='lat'><strong>‚</strong></span> <span class='ocrx_word' id='word_1_289' title='bbox 807 1905 949 1955; x_wconf 78' lang='lat' dir='ltr'>quibus</span> <span class='ocrx_word' id='word_1_290' title='bbox 967 1904 1176 1954; x_wconf 82' lang='lat' dir='ltr'>perspicua</span> <span class='ocrx_word' id='word_1_291' title='bbox 1194 1903 1310 1941; x_wconf 88' lang='lat' dir='ltr'>fieret</span> <span class='ocrx_word' id='word_1_292' title='bbox 1340 1901 1453 1946; x_wconf 84' lang='lat' dir='ltr'>obje-</span> 
     </span>
     <span class='ocr_line' id='line_1_35' title="bbox 123 1951 1453 2008; baseline -0.005 -12"><span class='ocrx_word' id='word_1_293' title='bbox 123 1959 282 1996; x_wconf 65' lang='lat' dir='ltr'>&amp;orum</span> <span class='ocrx_word' id='word_1_294' title='bbox 300 1958 519 1997; x_wconf 87' lang='lat' dir='ltr'>criminum</span> <span class='ocrx_word' id='word_1_295' title='bbox 535 1958 688 1998; x_wconf 78' lang='lat' dir='ltr'>falsitas</span> <span class='ocrx_word' id='word_1_296' title='bbox 706 1984 718 2002; x_wconf 87' lang='lat'><strong>‚</strong></span> <span class='ocrx_word' id='word_1_297' title='bbox 748 1957 1022 2008; x_wconf 66' lang='lat' dir='ltr'>praesumenda</span> <span class='ocrx_word' id='word_1_298' title='bbox 1039 1954 1291 2004; x_wconf 85' lang='lat' dir='ltr'>caeteroquin</span> <span class='ocrx_word' id='word_1_299' title='bbox 1310 1965 1357 1993; x_wconf 84' lang='lat' dir='ltr'>ex</span> <span class='ocrx_word' id='word_1_300' title='bbox 1371 1951 1453 2002; x_wconf 85' lang='lat' dir='ltr'>ipsa</span> 
     </span>
     <span class='ocr_line' id='line_1_36' title="bbox 123 2006 1452 2061; baseline -0.005 -12"><span class='ocrx_word' id='word_1_301' title='bbox 123 2023 203 2049; x_wconf 86' lang='lat' dir='ltr'>non</span> <span class='ocrx_word' id='word_1_302' title='bbox 220 2011 532 2061; x_wconf 85' lang='lat' dir='ltr'>prosequutione</span> <span class='ocrx_word' id='word_1_303' title='bbox 554 2010 737 2055; x_wconf 83' lang='lat' dir='ltr'>Processu</span> <span class='ocrx_word' id='word_1_304' title='bbox 746 2023 813 2050; x_wconf 87' lang='lat' dir='ltr'>um</span> <span class='ocrx_word' id='word_1_305' title='bbox 828 2035 840 2054; x_wconf 88' lang='lat'><strong>‚</strong></span> <span class='ocrx_word' id='word_1_306' title='bbox 870 2011 907 2050; x_wconf 76' lang='lat' dir='ltr'>Sc</span> <span class='ocrx_word' id='word_1_307' title='bbox 922 2021 969 2049; x_wconf 85' lang='lat' dir='ltr'>ex</span> <span class='ocrx_word' id='word_1_308' title='bbox 984 2007 1146 2048; x_wconf 58' lang='lat' dir='ltr'>defectu</span> <span class='ocrx_word' id='word_1_309' title='bbox 1162 2006 1452 2054; x_wconf 87' lang='lat' dir='ltr'>cujuscumque</span> 
     </span>
     <span class='ocr_line' id='line_1_37' title="bbox 122 2057 1456 2109; baseline -0.005 -7"><span class='ocrx_word' id='word_1_310' title='bbox 122 2062 339 2102; x_wconf 72' lang='lat' dir='ltr'>sententiae</span> <span class='ocrx_word' id='word_1_311' title='bbox 356 2062 701 2105; x_wconf 82' lang='lat' dir='ltr'>condemnatoriae</span> <span class='ocrx_word' id='word_1_312' title='bbox 718 2093 727 2102; x_wconf 89' lang='lat'><strong><em>.</em></strong></span> <span class='ocrx_word' id='word_1_313' title='bbox 758 2063 809 2101; x_wconf 85' lang='lat' dir='ltr'>Et</span> <span class='ocrx_word' id='word_1_314' title='bbox 825 2064 955 2102; x_wconf 85' lang='lat' dir='ltr'>totius</span> <span class='ocrx_word' id='word_1_315' title='bbox 975 2059 1059 2100; x_wconf 87' lang='lat' dir='ltr'>fere</span> <span class='ocrx_word' id='word_1_316' title='bbox 1081 2058 1227 2109; x_wconf 89' lang='lat' dir='ltr'>Populi</span> <span class='ocrx_word' id='word_1_317' title='bbox 1252 2057 1456 2099; x_wconf 75' lang='lat' dir='ltr'>Testimo-</span> 
     </span>
     <span class='ocr_line' id='line_1_38' title="bbox 126 2108 1453 2166; baseline -0.005 -12"><span class='ocrx_word' id='word_1_318' title='bbox 126 2114 195 2154; x_wconf 91' lang='lat' dir='ltr'>nio</span> <span class='ocrx_word' id='word_1_319' title='bbox 209 2141 221 2161; x_wconf 87' lang='lat'>‚</span> <span class='ocrx_word' id='word_1_320' title='bbox 247 2114 419 2166; x_wconf 88' lang='lat' dir='ltr'>aliisque</span> <span class='ocrx_word' id='word_1_321' title='bbox 434 2115 764 2158; x_wconf 83' lang='lat' dir='ltr'>luculentiffimis</span> <span class='ocrx_word' id='word_1_322' title='bbox 780 2114 961 2153; x_wconf 87' lang='lat' dir='ltr'>Testibus</span> <span class='ocrx_word' id='word_1_323' title='bbox 979 2139 991 2159; x_wconf 91' lang='lat'><strong>‚</strong></span> <span class='ocrx_word' id='word_1_324' title='bbox 1021 2113 1135 2152; x_wconf 86' lang='lat' dir='ltr'>suum</span> <span class='ocrx_word' id='word_1_325' title='bbox 1155 2136 1168 2156; x_wconf 90' lang='lat'>,</span> <span class='ocrx_word' id='word_1_326' title='bbox 1195 2110 1336 2162; x_wconf 87' lang='lat' dir='ltr'>suique</span> <span class='ocrx_word' id='word_1_327' title='bbox 1350 2108 1453 2156; x_wconf 85' lang='lat' dir='ltr'>Cap·-</span> 
     </span>
     <span class='ocr_line' id='line_1_39' title="bbox 127 2162 1452 2216; baseline -0.005 -10"><span class='ocrx_word' id='word_1_328' title='bbox 127 2168 280 2216; x_wconf 82' lang='lat' dir='ltr'>pellani</span> <span class='ocrx_word' id='word_1_329' title='bbox 308 2170 534 2212; x_wconf 90' lang='lat' dir='ltr'>honorem,</span> <span class='ocrx_word' id='word_1_330' title='bbox 565 2168 713 2206; x_wconf 87' lang='lat' dir='ltr'>bonum</span> <span class='ocrx_word' id='word_1_331' title='bbox 738 2178 885 2207; x_wconf 90' lang='lat' dir='ltr'>nomen</span> <span class='ocrx_word' id='word_1_332' title='bbox 903 2193 916 2212; x_wconf 91' lang='lat'>‚</span> <span class='ocrx_word' id='word_1_333' title='bbox 951 2166 1152 2215; x_wconf 85' lang='lat' dir='ltr'>integram</span> <span class='ocrx_word' id='word_1_334' title='bbox 1180 2162 1361 2205; x_wconf 81' lang='lat' dir='ltr'>famam,</span> <span class='ocrx_word' id='word_1_335' title='bbox 1391 2168 1452 2201; x_wconf 78' lang='lat' dir='ltr'>at-</span> 
     </span>
    </p>

    <p class='ocr_par' dir='ltr' id='par_1_5' title="bbox 122 2215 1453 2520">
     <span class='ocr_line' id='line_1_40' title="bbox 130 2215 1448 2270; baseline -0.005 -12"><span class='ocrx_word' id='word_1_336' title='bbox 130 2231 208 2270; x_wconf 92' lang='lat' dir='ltr'>que</span> <span class='ocrx_word' id='word_1_337' title='bbox 227 2219 482 2259; x_wconf 80' lang='lat' dir='ltr'>idonetatem</span> <span class='ocrx_word' id='word_1_338' title='bbox 511 2220 558 2258; x_wconf 85' lang='lat' dir='ltr'>ab</span> <span class='ocrx_word' id='word_1_339' title='bbox 591 2219 768 2268; x_wconf 70' lang='lat' dir='ltr'>impiffis</span> <span class='ocrx_word' id='word_1_340' title='bbox 805 2218 1108 2267; x_wconf 84' lang='lat' dir='ltr'>exceptionibus</span> <span class='ocrx_word' id='word_1_341' title='bbox 1142 2215 1355 2256; x_wconf 83' lang='lat' dir='ltr'>vindicare</span> <span class='ocrx_word' id='word_1_342' title='bbox 1377 2226 1448 2252; x_wconf 85' lang='lat' dir='ltr'>co-</span> 
     </span>
     <span class='ocr_line' id='line_1_41' title="bbox 122 2265 1453 2321; baseline -0.005 -11"><span class='ocrx_word' id='word_1_343' title='bbox 122 2280 244 2310; x_wconf 88' lang='lat' dir='ltr'>natur</span> <span class='ocrx_word' id='word_1_344' title='bbox 262 2297 274 2316; x_wconf 89' lang='lat'>,</span> <span class='ocrx_word' id='word_1_345' title='bbox 300 2271 490 2311; x_wconf 79' lang='lat' dir='ltr'>differens</span> <span class='ocrx_word' id='word_1_346' title='bbox 509 2272 614 2310; x_wconf 85' lang='lat' dir='ltr'>haud</span> <span class='ocrx_word' id='word_1_347' title='bbox 630 2270 734 2321; x_wconf 82' lang='lat' dir='ltr'>posse</span> <span class='ocrx_word' id='word_1_348' title='bbox 764 2271 940 2311; x_wconf 86' lang='lat' dir='ltr'>dubitari</span> <span class='ocrx_word' id='word_1_349' title='bbox 954 2271 1003 2309; x_wconf 91' lang='lat' dir='ltr'>de</span> <span class='ocrx_word' id='word_1_350' title='bbox 1026 2268 1257 2309; x_wconf 87' lang='lat' dir='ltr'>idoneitate</span> <span class='ocrx_word' id='word_1_351' title='bbox 1275 2265 1453 2315; x_wconf 84' lang='lat' dir='ltr'>Cappel-</span> 
     </span>
     <span class='ocr_line' id='line_1_42' title="bbox 124 2318 1450 2373; baseline -0.006 -11"><span class='ocrx_word' id='word_1_352' title='bbox 124 2323 210 2362; x_wconf 79' lang='lat' dir='ltr'>lani</span> <span class='ocrx_word' id='word_1_353' title='bbox 229 2348 242 2367; x_wconf 84' lang='lat'>‚</span> <span class='ocrx_word' id='word_1_354' title='bbox 269 2326 360 2362; x_wconf 79' lang='lat' dir='ltr'>cum</span> <span class='ocrx_word' id='word_1_355' title='bbox 377 2325 512 2373; x_wconf 68' lang='lat' dir='ltr'>prresto</span> <span class='ocrx_word' id='word_1_356' title='bbox 538 2325 612 2362; x_wconf 79' lang='lat' dir='ltr'>sint</span> <span class='ocrx_word' id='word_1_357' title='bbox 642 2325 780 2373; x_wconf 60' lang='lat' dir='ltr'>plures</span> <span class='ocrx_word' id='word_1_358' title='bbox 811 2323 861 2362; x_wconf 89' lang='lat' dir='ltr'>ad</span> <span class='ocrx_word' id='word_1_359' title='bbox 886 2321 1164 2366; x_wconf 82' lang='lat' dir='ltr'>Confeffiones</span> <span class='ocrx_word' id='word_1_360' title='bbox 1193 2318 1450 2369; x_wconf 86' lang='lat' dir='ltr'>excipiendas</span> 
     </span>
     <span class='ocr_line' id='line_1_43' title="bbox 127 2372 1452 2425; baseline -0.006 -10"><span class='ocrx_word' id='word_1_361' title='bbox 127 2376 437 2425; x_wconf 83' lang='lat' dir='ltr'>approbationes</span> <span class='ocrx_word' id='word_1_362' title='bbox 456 2400 468 2419; x_wconf 89' lang='lat'>‚</span> <span class='ocrx_word' id='word_1_363' title='bbox 498 2376 536 2415; x_wconf 83' lang='lat'>&amp;</span> <span class='ocrx_word' id='word_1_364' title='bbox 560 2375 759 2422; x_wconf 80' lang='lat' dir='ltr'>judicium</span> <span class='ocrx_word' id='word_1_365' title='bbox 785 2374 1105 2425; x_wconf 74' lang='lat' dir='ltr'>praecedentium</span> <span class='ocrx_word' id='word_1_366' title='bbox 1129 2372 1421 2422; x_wconf 86' lang='lat' dir='ltr'>Episcoporum</span> <span class='ocrx_word' id='word_1_367' title='bbox 1437 2393 1452 2413; x_wconf 88' lang='lat'>,</span> 
     </span>
     <span class='ocr_line' id='line_1_44' title="bbox 127 2424 1452 2478; baseline -0.006 -11"><span class='ocrx_word' id='word_1_368' title='bbox 127 2429 199 2478; x_wconf 92' lang='lat' dir='ltr'>qui</span> <span class='ocrx_word' id='word_1_369' title='bbox 218 2440 287 2476; x_wconf 88' lang='lat' dir='ltr'>per</span> <span class='ocrx_word' id='word_1_370' title='bbox 305 2428 433 2477; x_wconf 86' lang='lat' dir='ltr'>ipsum</span> <span class='ocrx_word' id='word_1_371' title='bbox 458 2429 537 2468; x_wconf 87' lang='lat' dir='ltr'>fine</span> <span class='ocrx_word' id='word_1_372' title='bbox 561 2429 726 2478; x_wconf 87' lang='lat' dir='ltr'>querela</span> <span class='ocrx_word' id='word_1_373' title='bbox 758 2426 852 2478; x_wconf 82' lang='lat' dir='ltr'>paffi</span> <span class='ocrx_word' id='word_1_374' title='bbox 881 2428 971 2466; x_wconf 89' lang='lat' dir='ltr'>sunt</span> <span class='ocrx_word' id='word_1_375' title='bbox 1000 2427 1152 2466; x_wconf 81' lang='lat' dir='ltr'>Curam</span> <span class='ocrx_word' id='word_1_376' title='bbox 1179 2424 1452 2462; x_wconf 71' lang='lat' dir='ltr'>Animarum.»</span> 
     </span>
     <span class='ocr_line' id='line_1_45' title="bbox 135 2491 344 2520; baseline 0 -2"><span class='ocrx_word' id='word_1_377' title='bbox 135 2491 317 2520; x_wconf 82' lang='lat' dir='ltr'>exerceri</span> <span class='ocrx_word' id='word_1_378' title='bbox 335 2509 344 2518; x_wconf 91' lang='lat'>.</span> 
     </span>
    </p>

    <p class='ocr_par' dir='ltr' id='par_1_6' title="bbox 80 2527 1457 2685">
     <span class='ocr_line' id='line_1_46' title="bbox 80 2527 1452 2581; baseline -0.006 -9"><span class='ocrx_word' id='word_1_379' title='bbox 80 2529 296 2581; x_wconf 88' lang='lat' dir='ltr'>Minusque</span> <span class='ocrx_word' id='word_1_380' title='bbox 321 2533 428 2572; x_wconf 89' lang='lat' dir='ltr'>verti</span> <span class='ocrx_word' id='word_1_381' title='bbox 461 2533 500 2570; x_wconf 92' lang='lat' dir='ltr'>in</span> <span class='ocrx_word' id='word_1_382' title='bbox 515 2532 831 2571; x_wconf 73' lang='lat' dir='ltr'>controversiam</span> <span class='ocrx_word' id='word_1_383' title='bbox 858 2529 962 2580; x_wconf 78' lang='lat' dir='ltr'>posse</span> <span class='ocrx_word' id='word_1_384' title='bbox 993 2528 1234 2579; x_wconf 86' lang='lat' dir='ltr'>Cappellani</span> <span class='ocrx_word' id='word_1_385' title='bbox 1253 2527 1452 2578; x_wconf 85' lang='lat' dir='ltr'>exempla-</span> 
     </span>
     <span class='ocr_line' id='line_1_47' title="bbox 131 2579 1457 2633; baseline -0.003 -12"><span class='ocrx_word' id='word_1_386' title='bbox 131 2594 219 2628; x_wconf 71' lang='lat' dir='ltr'>rem</span> <span class='ocrx_word' id='word_1_387' title='bbox 235 2584 364 2623; x_wconf 85' lang='lat' dir='ltr'>vitam</span> <span class='ocrx_word' id='word_1_388' title='bbox 384 2609 396 2627; x_wconf 85' lang='lat'><strong>‚</strong></span> <span class='ocrx_word' id='word_1_389' title='bbox 423 2585 460 2623; x_wconf 70' lang='lat' dir='ltr'>Sc</span> <span class='ocrx_word' id='word_1_390' title='bbox 477 2584 738 2633; x_wconf 84' lang='lat' dir='ltr'>diligentiam</span> <span class='ocrx_word' id='word_1_391' title='bbox 771 2584 810 2621; x_wconf 94' lang='lat' dir='ltr'>in</span> <span class='ocrx_word' id='word_1_392' title='bbox 837 2582 1188 2624; x_wconf 83' lang='lat' dir='ltr'>administratione</span> <span class='ocrx_word' id='word_1_393' title='bbox 1213 2580 1327 2619; x_wconf 69' lang='lat' dir='ltr'>Curae</span> <span class='ocrx_word' id='word_1_394' title='bbox 1350 2579 1457 2618; x_wconf 85' lang='lat' dir='ltr'>Ani-</span> 
     </span>
     <span class='ocr_line' id='line_1_48' title="bbox 132 2633 1456 2685; baseline -0.002 -13"><span class='ocrx_word' id='word_1_395' title='bbox 132 2646 317 2681; x_wconf 85' lang='lat' dir='ltr'>marum,</span> <span class='ocrx_word' id='word_1_396' title='bbox 344 2648 434 2674; x_wconf 87' lang='lat' dir='ltr'>cum</span> <span class='ocrx_word' id='word_1_397' title='bbox 454 2637 687 2675; x_wconf 68' lang='lat' dir='ltr'>haecomnia</span> <span class='ocrx_word' id='word_1_398' title='bbox 714 2636 893 2685; x_wconf 72' lang='lat' dir='ltr'>plurium</span> <span class='ocrx_word' id='word_1_399' title='bbox 920 2633 1160 2674; x_wconf 80' lang='lat' dir='ltr'>testimoniis</span> <span class='ocrx_word' id='word_1_400' title='bbox 1188 2633 1456 2680; x_wconf 82' lang='lat' dir='ltr'>comproben-</span> 
     </span>
    </p>
   </div>
   <div class='ocr_carea' id='block_1_3' title="bbox 131 2681 1456 2784">
    <p class='ocr_par' dir='ltr' id='par_1_7' title="bbox 131 2681 1456 2784">
     <span class='ocr_line' id='line_1_49' title="bbox 131 2681 1451 2774; baseline -0.007 -44"><span class='ocrx_word' id='word_1_401' title='bbox 131 2696 198 2730; x_wconf 79' lang='lat' dir='ltr'>tur</span> <span class='ocrx_word' id='word_1_402' title='bbox 213 2700 316 2738; x_wconf 69' lang='lat' dir='ltr'>‚nec</span> <span class='ocrx_word' id='word_1_403' title='bbox 332 2688 462 2730; x_wconf 77' lang='lat' dir='ltr'>deesse</span> <span class='ocrx_word' id='word_1_404' title='bbox 479 2715 491 2735; x_wconf 87' lang='lat'>,</span> <span class='ocrx_word' id='word_1_405' title='bbox 509 2689 577 2741; x_wconf 88' lang='lat' dir='ltr'>qui</span> <span class='ocrx_word' id='word_1_406' title='bbox 594 2687 765 2730; x_wconf 83' lang='lat' dir='ltr'>afferant</span> <span class='ocrx_word' id='word_1_407' title='bbox 781 2713 792 2734; x_wconf 89' lang='lat'>‚</span> <span class='ocrx_word' id='word_1_408' title='bbox 809 2689 967 2728; x_wconf 60' lang='lat' dir='ltr'>auctam</span> <span class='ocrx_word' id='word_1_409' title='bbox 986 2700 1061 2728; x_wconf 80' lang='lat' dir='ltr'>aere</span> <span class='ocrx_word' id='word_1_410' title='bbox 1076 2685 1239 2737; x_wconf 85' lang='lat' dir='ltr'>proprio</span> <span class='ocrx_word' id='word_1_411' title='bbox 1254 2681 1384 2774; x_wconf 76' lang='lat' dir='ltr'>fuisseC</span> <span class='ocrx_word' id='word_1_412' title='bbox 1398 2694 1451 2722; x_wconf 55' lang='lat' dir='ltr'>a.)</span> 
     </span>
     <span class='ocr_line' id='line_1_50' title="bbox 1387 2748 1456 2784; baseline -0.014 -10"><span class='ocrx_word' id='word_1_413' title='bbox 1387 2748 1456 2784; x_wconf 64' lang='lat' dir='ltr'>ap,</span> 
     </span>
    </p>
   </div>
  </div>
 </body>
</html>
