1934 2954
1405 134 1418 158 1

80 183 168 213 :ant
187 174 335 214 Puellae
350 170 617 210 Monacandae
631 180 646 208 ,¹
674 167 864 216 illiusque
882 166 1134 205 solutionem
1149 131 1419 209 differendain

82 239 161 265 non
177 224 254 266 esse
270 224 493 274 ingratiam
512 222 677 262 Theclae
697 218 812 276 Ruffo
828 245 841 263 ,
869 218 1017 275 quippe
1034 231 1137 269 quse,
1154 230 1232 257 non
1253 232 1418 268 compa·

84 278 207 317 rendo
222 277 261 317 in
276 276 455 316 termino
471 274 520 315 ad
532 273 707 313 formam
721 271 991 320 chirographi
1007 270 1164 319 praefixo
1180 297 1193 316 ‚
1222 272 1408 312 cecidiffe

80 329 248 368 videtur
265 341 286 368 a
305 331 395 375 jure
415 329 484 368 suo
499 356 509 365 .

28 376 117 420 Has
132 390 268 420 tamen
285 381 548 430 exceptiones
567 380 726 428 ineptas
742 384 906 425 reputat
921 376 1282 424 Archiepiscopus‚
1308 377 1415 419 illast

81 445 158 483 que
171 434 382 473 confutare
397 433 545 471 nititur
559 431 717 470 Thecla
735 427 852 468 Ruffo
873 430 911 468 iu
941 429 1066 467 Foliis
1084 427 1411 477 Archiepiscopo

80 484 270 523 exhibitis
289 511 301 529 ,
319 487 357 525 ἃς
375 487 422 524 ab
438 485 583 524 eodem
599 496 691 522 cum
703 485 769 521 sua
785 481 990 520 relatione
1009 480 1246 519 transmiffis
1263 510 1272 518 .
1307 481 1411 521 Cen-

81 536 141 579 set
155 536 262 576 enim
283 563 295 581 ‚
325 537 506 576 invalide
524 535 786 574 constitutam
815 531 929 571 fuisse
953 533 1109 571 Dotem
1139 534 1414 581 temporalem

80 587 295 651 franciscae
312 589 440 628 Graffi
458 601 506 629 ex
522 587 670 626 futuris
688 586 881 625 fructibus
899 611 912 629 ‚
932 595 1073 623 contra
1092 586 1229 633 legem
1248 583 1415 624 Pontifi-

81 641 139 680 cii
150 640 418 691 Chirographi
432 640 716 690 permittentis
729 652 799 688 pro
813 638 1032 686 temporali
1045 637 1237 691 coniugio
1251 637 1415 686 assigna-

84 693 242 732 tionem
260 690 425 732 Subsidii
443 694 641 740 scut.500.
660 704 706 731 ex
723 690 949 730 redditibus
980 699 1142 728 tantum
1158 714 1171 734 ‚
1202 691 1264 727 che
1289 692 1328 726 in
1347 691 1418 727 tala

85 747 154 794 casi
169 770 183 789 ,
202 760 220 784 e
235 750 342 796 tempi
351 747 385 796 fi
397 756 606 783 troveranm
621 745 809 794 deposttate
822 768 834 787 ‚
851 757 870 779 e
887 752 1066 780 maturate
1086 772 1094 781 .
1111 746 1124 780 ’.
1145 772 1154 782 .
1173 767 1185 786 ‚
1205 757 1223 780 e
1248 756 1314 779 non
1341 746 1414 780 in„

87 801 182 835 altra
191 800 336 844 forma,
355 812 397 835 ne
411 802 450 834 in
462 798 550 835 altri
564 797 632 844 cast
643 810 658 836 ‚·
690 795 863 844 ideoque
892 806 1181 844 praeproperam
1211 795 1323 834 illius
1343 806 1418 833 no-

85 850 353 889 minationem
367 849 646 898 Chirographo
665 847 882 886 Pontificio
898 856 1193 896 repugnantem
1222 847 1414 896 praejudi-

86 913 174 942 care
192 902 412 952 nequivisse
430 901 586 941 Puellis
601 913 621 940 a
637 899 861 939 Testatrice
880 900 1174 948 contemplatis
1187 930 1196 939 .
1215 900 1408 939 Alteram

87 965 132 994 ex
149 954 437 1004 contemplatis
467 955 505 992 se
522 952 598 992 effe
611 951 798 992 defendit
814 979 826 997 ,
857 952 921 990 uti
949 964 1168 1000 pauperem
1182 977 1194 995 ,
1221 953 1268 994 &A
1284 952 1414 990 Nobi·-

86 1006 167 1045 lem
185 1006 412 1045 Firmanam
429 1019 438 1044 :
467 1008 505 1051 Sc
524 1014 740 1054 utrumque
754 1004 994 1054 requisitum
1010 1005 1279 1052 comprobari,
1294 1013 1414 1043 tum-1

85 1057 159 1102 su'ae
176 1058 332 1098 Sororis
347 1057 582 1102 admistione
598 1058 768 1108 sequuta
783 1068 885 1095 anno
906 1068 1036 1102 1755.‚
1056 1066 1144 1094 tum
1163 1057 1334 1095 Parochi
1354 1065 1418 1095 at·-

87 1111 320 1156 testatione‚
337 1109 683 1158 cuizdeferendum
698 1107 774 1147 esse
791 1108 900 1153 juffit,
917 1107 980 1156 pia
998 1107 1217 1146 Fundatrix
1235 1121 1303 1156 per
1318 1120 1419 1156 prae-

88 1161 192 1202 fatos
207 1163 525 1211 Primogenitos‚·
537 1160 666 1200 &alia
684 1159 923 1208 pauperiore
938 1171 1017 1197 non
1034 1160 1360 1208 comparente‚in
1376 1160 1415 1198 se

88 1215 172 1254 sola
185 1214 404 1260 verificari,
419 1221 621 1256 autumat,
633 1211 821 1262 paffivam
838 1210 1068 1251 Testatricis
1085 1213 1414 1256 vocationem,ut

88 1266 247 1315 Dotem
261 1265 410 1317 assequi
424 1268 562 1305 valeat
576 1291 589 1310 ‚
604 1277 681 1303 uon
698 1265 876 1302 obstante
895 1264 1035 1306 injusto
1063 1263 1228 1307 dissensu
1258 1262 1415 1302 Primo-

91 1319 322 1368 genitorum
335 1320 398 1364 jus
413 1317 650 1357 nominandi
664 1316 903 1354 habentium
921 1344 931 1353 .
1292 1341 1296 1344 -

37 1369 266 1410 Contendit
293 1370 444 1420 pariter
461 1395 474 1414 ‚
504 1369 828 1419 praedile‘starum
859 1367 1124 1407 Familiarum
1153 1367 1316 1406 Puellas
1343 1367 1413 1406 vel

88 1434 169 1461 non
184 1423 386 1473 attingere
400 1421 691 1461 duodecimum
708 1422 838 1461 aetatis
855 1432 1004 1459 aunum
1020 1444 1032 1463 ‚
1049 1428 1094 1457 ut
1109 1419 1329 1470 requiritur
1345 1431 1415 1464 pro

48 1474 50 1476 ’
82 1473 366 1525 affequutione
390 1477 508 1520 hujus
536 1474 692 1513 subsidii
721 1500 733 1519 ‚
759 1475 873 1518 juxta
913 1472 1157 1518 rescriptum
1192 1473 1311 1516 hujus
1344 1470 1414 1508 Sa-

90 1526 519 1577 crae·C01]gregationiS
537 1526 696 1566 editum
712 1531 750 1564 in
761 1527 937 1564 Firmana
948 1525 1194 1572 Suhfidioram
1220 1523 1412 1562 Dotalium

92 1583 155 1620 26.
176 1578 285 1628 Junii
305 1589 417 1629 1745‘.
430 1581 565 1627 lib.95,
584 1581 920 1628 Decret.pag.268.
939 1587 1005 1616 ter.
1024 1590 1038 1615 ,-
1054 1578 1138 1619 vel,
1158 1578 1184 1614 fi
1205 1589 1289 1627 quae
1320 1575 1414 1613 sunt

93 1639 214 1670 aetate
227 1632 400 1677 majores
417 1658 428 1677 ‚
452 1643 532 1670 non
548 1631 644 1670 dum
661 1629 822 1681 elegisse
838 1633 983 1671 statum
1013 1629 1283 1667 Monasticum
1302 1640 1311 1665 t
1341 1627 1419 1666 sus-

49 1722 53 1726 ,
91 1683 328 1732 pestam'que
345 1682 421 1723 effe
439 1710 452 1728 ‚
479 1683 540 1722 uti
558 1684 761 1733 pendente
792 1683 871 1722 lite
900 1682 1050 1722 faftam
1066 1708 1088 1730 ,h
1109 1680 1415 1730 interpellatio-

84 1746 187 1774 ·nem
223 1734 442 1775 ¹AEconomi
478 1737 611 1785 operis
639 1736 695 1785 pii
722 1748 792 1785 pro
838 1736 949 1774 Dote
983 1733 1195 1782 Spirituali
1240 1731 1416 1782 paranda

92 1785 244 1826 duabus
263 1789 482 1827 earundem
501 1787 824 1836 praedileeiarum
840 1787 1106 1827 Familiarilm
1122 1785 1276 1824 Puellis
1292 1811 1303 1829 ,
1320 1796 1420 1833 prae-

93 1839 232 1878 sertim
257 1853 382 1890 quum
399 1840 503 1879 facta
529 1841 774 1889 supponatur
799 1853 878 1879 non
893 1842 940 1879 ab
965 1839 1051 1889 ipsis
1069 1837 1223 1876 Puellis
1243 1863 1255 1882 ‚
1288 1835 1354 1874 sed
1372 1836 1419 1873 ab

93 1902 233 1946 earum
250 1891 367 1933 Patre
384 1922 393 1933 .
415 1892 506 1932 Nec
523 1893 590 1932 fibi
607 1892 773 1932 officere
790 1917 802 1936 ‚
833 1902 949 1942 putat
963 1917 975 1936 ‚
1008 1899 1257 1940 praeceptum
1288 1888 1420 1926 Testa-

94 1949 210 1980 tricis
227 1966 240 1986 ‚
257 1944 425 1984 unicum
443 1944 664 1983 Subfidium
679 1944 898 1994 assignandi
916 1945 956 1983 in
986 1942 1166 1994 qualibet
1179 1940 1417 1990 generatio-

92 2005 144 2032 ne
160 1993 320 2043 fingulis
334 1997 518 2041 Familiis
535 1997 708 2036 secundo
725 1998 817 2035 loc-o
832 1996 990 2035 vocatis
1007 2009 1022 2035 ,-
1049 2006 1173 2043 quum
1190 1990 1419 2040 repetitum

95 2057 174 2084 non
191 2043 315 2086 fuerit
331 2049 461 2098 quoad
477 2060 674 2097 pauperes
689 2049 853 2087 Puellas
867 2074 878 2092 ‚
908 2057 1075 2097 quarum
1092 2044 1189 2082 duas
1205 2044 1245 2082 in
1265 2053 1341 2081 una
1355 2054 1422 2090 ge-

95 2099 306 2138 neratione
323 2100 492 2145 admitti
507 2099 612 2146 posse
628 2099 910 2148 comprobavit
940 2095 1195 2137 observantia
1223 2094 1420 2133 duarum

78 2166 82 2169 ·
97 2150 291 2188 Sororum
319 2151 369 2189 de-
396 2150 540 2189 Nobili
570 2150 742 2189 Familia
769 2151 942 2189 Falcona
970 2149 1019 2188 ad
1059 2146 1420 2196 participationem

92 2204 211 2248 hujus
229 2202 397 2241 Subfidii
415 2200 669 2241 admissarum
687 2232 695 2240 .
722 2203 774 2241 Et
786 2201 1069 2241 neceffitatern
1099 2199 1266 2238 demum
1298 2198 1421 2236 Dotis

95 2253 327 2303 spiritualis
341 2262 556 2293 numerato
570 2254 772 2293 tradendae
788 2279 799 2298 ‚
814 2253 1013 2302 ⁴inutilem
1029 2279 1039 2297 ,
1055 2250 1189 2291 afferit
1206 2276 1219 2295 ,
1235 2262 1313 2289 uon
1331 2248 1423 2287 red-

95 2305 192 2346 dere
208 2307 381 2356 petitam
397 2306 728 2346 constitutionem
742 2306 862 2345 Dotis
879 2318 925 2345 ex
941 2301 1136 2344 fruel-ibus
1154 2303 1194 2342 in
1223 2305 1422 2352 posterum

95 2358 349 2398 maturandis
364 2372 379 2398 ,-
392 2361 516 2409 quum
530 2357 651 2398 facile
666 2357 841 2398 inveniri
856 2357 972 2407 poffit
985 2382 999 2401 ,
1030 2355 1098 2405 qui
1124 2364 1269 2393 mutuo
1286 2351 1424 2391 tradat

95 2411 310 2460 pec-uniam
325 2420 580 2450 numeratam
598 2412 664 2449 sub
678 2412 742 2459 spe
770 2419 892 2449 certae
925 2406 1260 2457 reintegrationis
1286 2405 1424 2443 conse⁴

95 2461 260 2512 quendae
276 2463 392 2512 super
410 2461 551 2501 iisdem
567 2461 762 2501 fruffibus
782 2492 792 2501 .

45 2513 247 2553 Omnibus
266 2515 404 2564 itaque
422 2516 620 2564 perpensis
639 2514 912 2563 dignabuntur
932 2513 1010 2551 EE.
1032 2512 1128 2551 VV.
1150 2508 1316 2549 definire
1332 2537 1342 2547 .

64 2563 94 2603 I.
123 2566 194 2604 An
197 2567 246 2616 sit
259 2567 353 2604 locus
359 2566 490 2614 favore
508 2567 646 2605 Theclae
659 2566 766 2614 Ruff'o
779 2565 1015 2615 aſj'equutioni
1029 2564 1188 2613 Subfidii
1203 2560 1350 2599 Dotalis
1358 2568 1422 2608 pro

194 2617 275 2670 'ejus
300 2621 549 2657 Monac-atione
569 2644 582 2663 ‚
607 2616 724 2670 juxta
756 2627 908 2656 mentem
933 2620 1001 2666 pice
1032 2615 1209 2653 Matronae
1239 2613 1419 2651 Eleonorae

198 2672 360 2713 Morroni
373 2697 386 2717 ,
402 2675 441 2709 in
460 2673 543 2721 casa
559 2675 631 2716 &a

840 2720 869 2759 F
1273 2716 1324 2764 ΙΙ..
1353 2714 1421 2751 An
