1934 2954
1354 174 1372 198 2
1408 173 1424 202 1

75 207 240 247 modum
259 234 270 253 ‚
305 211 519 257 petebatur
536 235 547 253 ,
583 208 635 250 ut'
658 209 912 249 authoritate
930 209 1163 256 Apostolica
1189 212 1364 251 earunde
1378 175 1421 251 in

76 261 382 300 lia-reditatum
401 263 553 301 reditus
587 271 784 311 perpetuo
812 261 1115 309 applicarentur
1135 262 1323 301 Eccleliae
1342 263 1415 302 Pa-

76 312 248 351 rochiali
266 339 277 355 ,
310 316 347 354 ἃ
366 315 573 363 Hospitali
592 327 813 363 pauperum
829 311 1133 362 AEgrotantium
1165 312 1263 351 dic'ti
1282 315 1383 353 Loci
1405 341 1419 358 ‚

79 374 198 410 prout
217 367 457 404 alterutrius
476 367 701 418 indigentia
718 368 846 412 major
877 377 948 412 pro
977 375 1164 411 tempore
1195 365 1279 404 visa
1312 366 1423 415 foret

77 414 377 472 Decurionibus
396 433 410 458 ,-
442 420 663 466 praesertim
682 421 774 469 quia
792 420 946 457 summa
964 419 1016 456 est
1032 417 1215 455 Ecclefiae
1230 443 1243 462 ,
1271 418 1310 457 Sc
1327 417 1419 457 Ho-

77 468 235 517 spitalis
253 473 457 519 egestast&
474 473 577 511 nulli
596 473 771 521 amplius
787 479 929 510 extant
945 469 1203 509 Testatornm
1220 468 1415 519 Cognati,

77 520 145 560 vel
161 522 315 561 Affines
335 549 345 568 ‚
363 524 504 573 quibus
521 524 709 564 videatur
722 527 784 570 jus
802 524 1006 574 quaefitum
1029 533 1100 570 pro
1114 522 1389 572 eleemosynis
1406 546 1420 566 ‚

78 585 149 615 aut
167 575 335 614 vestibus
357 577 655 627 consequendis
677 607 686 615 .

28 629 240 677 Delegata
265 627 345 666 fuit
374 641 395 666 a
412 629 578 667 Summo
595 628 792 668 Pontifice
823 626 1106 677 postulationis
1136 625 1317 672 ejusdem
1348 640 1419 665 co-

81 681 214 729 gnitio
243 680 336 718 huic
357 681 482 719 Sacrae
498 680 819 731 Congregationi
843 707 856 726 ‚
886 693 908 719 a
935 691 1012 731 qua
1039 679 1088 717 de
1105 691 1219 717 more
1251 678 1416 717 auditus

83 732 164 771 fuit
197 733 440 781 Episcopus,
472 732 508 772 Is
527 742 668 773 autem
695 733 920 781 rescripsit,
957 731 1064 783 quod
1081 730 1249 769 monitis
1280 730 1417 780 Oppi-
1445 758 1447 764 ·

80 785 194 823 danis
211 797 279 834 per
296 784 484 823 Edit‘tum
502 810 512 830 ‚
533 798 580 824 ac
598 784 706 824 inter
723 785 936 825 Miffarum
951 784 1164 828 solemnia,
1179 783 1417 832 comparuit:
1437 812 1440 815 -

80 849 202 876 nemo
220 862 232 881 ,
262 836 329 886 qui
348 838 407 881 jus
431 840 577 877 habere
594 838 866 878 contenderet
895 838 934 876 in
961 836 1082 875 dietis
1111 835 1189 885 piis
1219 835 1377 874 felinis
1407 847 1419 874 τ

81 890 269 940 quodque
291 888 608 935 Dispositionum
624 891 919 941 Authographa
950 887 1148 938 temporis
1166 887 1313 931 injuria
1339 900 1417 937 pe-

83 942 240 981 rierunt
259 965 270 984 ‚
303 942 339 980 &
357 940 474 981 Liber
494 943 564 985 ‚in
581 942 917 993 quoauthentice
949 941 1112 980 illarum
1130 939 1316 989 exempla
1345 939 1418 979 de-

82 994 231 1042 scripta
253 1003 368 1032 erant
385 1020 397 1038 ‚
423 994 581 1033 amiffus
603 1006 752 1043 paucos
774 1004 870 1034 ante
898 995 1080 1038 menses,
1112 991 1282 1041 reperiri
1298 1004 1410 1030 nort)

82 1046 220 1093 potuit
236 1069 248 1087 ‚
276 1046 533 1084 exaffiffimis
561 1047 669 1086 licet¹
684 1047 875 1086 adhibitis
893 1045 1121 1095 diligentiis
1140 1068 1153 1088 ‚
1181 1044 1306 1083 etiam
1323 1057 1417 1082 cum

79 1099 338 1137 censurarum
358 1098 662 1146 publicatione,¹
692 1100 838 1138 retulit
866 1098 1044 1148 pariter,
1073 1105 1232 1136 narrata
1260 1096 1299 1134 in
1325 1108 1417 1145 pre-

80 1150 192 1189 cibus
212 1161 305 1189 vera
323 1151 481 1198 probari
498 1151 625 1189 tribus
641 1150 824 1191 Testibus
840 1151 916 1190 fide
931 1150 1061 1200 dignis
1080 1174 1092 1193 ,
1127 1148 1196 1199 qui
1213 1148 1312 1198 saepe
1330 1148 1412 1186 dis-

81 1202 299 1252 positiones
320 1203 359 1239 in
375 1203 483 1241 dicto
499 1204 601 1241 libro
619 1205 879 1253 perlegerant
897 1215 906 1240 :
936 1203 973 1242 Sc
991 1202 1147 1241 reditus
1161 1200 1411 1240 eorundem.»

80 1265 249 1301 operum
265 1254 421 1303 piorum
439 1281 451 1299 ,
466 1257 578 1300 juxta
591 1265 800 1305 receptam
816 1254 1175 1297 informationem,
1191 1252 1240 1291 ad
1257 1264 1408 1292 annuas

80 1306 296 1345 ascendere
318 1319 379 1353 75.
396 1307 513 1345 libras
542 1316 716 1346 monetae
732 1307 843 1346 illius
862 1307 1084 1346 Provinciae
1100 1331 1113 1350 ,
1143 1318 1228 1355 quae
1245 1305 1409 1343 solvun-

80 1368 146 1397 tur
177 1370 199 1396 a
229 1358 311 1397 loci
341 1358 644 1399 Univerfitate:
674 1369 716 1398 at
744 1359 921 1408 ignorari
949 1357 1197 1407 fingulorum
1229 1364 1413 1395 certam

78 1411 355 1460 quantitatem
376 1423 384 1448 :
400 1423 540 1450 omnes
559 1420 696 1450 tamen
713 1424 734 1450 a
751 1410 1051 1451 Decurionibus
1063 1409 1291 1448 distributos
1307 1409 1413 1449 sem-

76 1474 148 1510 per
166 1461 280 1501 fuiffe
297 1486 310 1505 ‚
338 1464 383 1501 ab
403 1463 718 1502 immemorabili
746 1473 963 1512 tempore,
995 1462 1034 1500 in
1052 1461 1302 1500 hebdomada
1330 1461 1414 1511 post

78 1514 235 1553 Festum
250 1515 451 1554 Omnium
468 1516 705 1554 Sanctorum
723 1516 831 1555 inter
846 1515 1045 1565 Pauperes
1063 1513 1161 1552 Loci
1190 1513 1259 1551 fibi
1289 1514 1415 1552 bene-

76 1566 185 1605 visos
206 1593 217 1612 ,
247 1576 416 1615 excepta
436 1577 522 1606 rata
537 1594 550 1614 ,
587 1576 633 1607 ut
665 1568 705 1606 in
723 1568 907 1617 precibus
931 1575 1137 1606 narratum
1169 1566 1248 1610 est,
1276 1572 1343 1604 ter
1366 1566 1416 1604 ab

77 1618 288 1668 Episcopis
306 1618 499 1669 affignata
512 1620 603 1658 aliis
621 1620 746 1658 usibus
762 1633 777 1660 3
806 1621 844 1659 8<
872 1618 1056 1668 precibus
1086 1617 1289 1656 adh-aereus
1318 1629 1416 1655 cen-

79 1670 159 1709 suit
178 1697 191 1715 ,
211 1683 364 1721 aequam
380 1698 390 1717 ‚
406 1682 530 1723 atque
548 1671 696 1712 utilem
714 1670 801 1710 fore
818 1679 1058 1720 perpetuam
1089 1668 1415 1718 applicationem

78 1723 224 1760 horum
239 1723 446 1762 redituum
466 1723 606 1762 favore
637 1724 823 1762 Ecclefiae
843 1747 857 1766 ‚
885 1724 924 1761 &
939 1721 1168 1770 Hospitalis
1187 1746 1199 1765 ,
1224 1722 1274 1758 ob
1285 1721 1416 1759 maxi-

78 1785 190 1811 mam
207 1773 371 1812 illorum
388 1776 623 1822 egestatem,
639 1776 678 1814 ὃς
695 1775 747 1812 ob
760 1772 1040 1812 deficientiam
1055 1772 1321 1814 Personarum
1336 1771 1414 1822 piis

81 1822 355 1864 Testator'ibus
373 1827 679 1870 conjunc‘tarum
695 1855 706 1865 .

33 1878 78 1917 In
97 1877 241 1916 libello
258 1885 397 1916 autem
417 1877 584 1919 nomine
601 1876 883 1916 Decurionum
899 1875 1225 1916 circumferendo
1244 1884 1418 1915 conten-

81 1929 192 1967 ditur
207 1953 220 1973 ,
247 1927 368 1968 facile
387 1929 589 1978 indulgeri
607 1942 628 1968 a
647 1930 790 1969 Salic‘ta
808 1930 909 1969 Sede
939 1929 1099 1977 piarum
1126 1929 1418 1968 voluntatum-³

76 1983 452 2020 commutationem
469 2006 481 2025 ‚
507 1983 604 2027 justa
634 1981 770 2032 aliqua
803 1990 1071 2021 concurrente
1101 1981 1217 2020 causa
1243 1980 1413 2030 publicae

81 2032 279 2072 utilitatis
298 2060 310 2077 ‚
340 2034 407 2072 vel
424 2033 674 2072 neceflitatis
692 2057 704 2077 ‚
733 2034 874 2072 Monet.
891 2035 936 2071 de
953 2044 1116 2072 commut.
1135 2036 1253 2072 ultim.
1269 2034 1408 2071 volunt.

82 2087 559 2136 cap.3.quaest.4.mmz.92.:
589 2087 626 2125 ὃς
641 2087 781 2131 justam
799 2085 1148 2125 fcommutationis
1165 2084 1324 2124 causam
1350 2083 1414 2124 vi-

82 2139 171 2177 deri
185 2137 463 2177 deficientiam
485 2137 749 2176 Personarum
774 2137 1050 2177 Testatoribus
1075 2138 1380 2183 conjunctarum
1397 2161 1412 2180 ‚

82 2204 167 2241 quae
183 2190 313 2238 primo
330 2190 423 2228 loco
441 2199 595 2228 vocatae
616 2199 743 2229 erant:
762 2190 1101 2230 incertitudinem
1120 2189 1293 2228 aliorum
1310 2189 1413 2228 Pau-

81 2254 220 2293 perum
240 2251 478 2280 vocatorum
496 2253 505 2279 t
538 2243 741 2282 rationem
774 2242 1012 2282 consulendi
1041 2240 1302 2280 conscientiis
1325 2240 1410 2279 Ad-

77 2294 411 2339 ministratorum,
427 2295 494 2343 qui
514 2294 582 2332 suo
599 2295 794 2334 arbitratu
812 2294 1139 2333 distributionum
1154 2293 1322 2331 modum
1339 2295 1412 2332 ha·-

82 2346 222 2385 ostenus
241 2347 526 2385 inverterunt:
555 2348 788 2396 exemplum
813 2346 1188 2386 commutationum
1213 2344 1410 2384 saffrarum

80 2402 128 2437 ab
146 2398 372 2448 Episcopis:
400 2399 437 2438 ἒς
456 2407 740 2446 paupertatem
757 2399 942 2438 Ecclefire
963 2425 977 2444 ,
1008 2407 1130 2447 atque
1152 2396 1380 2446 Hospitalis
1394 2420 1410 2441 ,

77 2451 147 2490 cui
163 2451 413 2499 caeteroquin
431 2452 582 2496 dejure
599 2450 837 2490 deferuntur
853 2449 1117 2489 haereditates
1136 2449 1302 2488 incertis
1317 2461 1413 2498 pau-

81 2503 239 2550 peribus
256 2502 406 2542 relitstae
421 2529 432 2547 ‚
449 2505 562 2547 juxta
579 2502 787 2541 censuram
807 2505 940 2540 Textus
955 2506 993 2540 in
1007 2502 1127 2550 legavi
1140 2505 1217 2552 quis
1232 2502 1281 2539 ad
1296 2502 1412 2540 decli-

83 2557 238 2592 nandam
254 2569 317 2602 37.
339 2557 471 2594 Cod.de
488 2554 606 2604 Episc.
625 2558 668 2598 ω’·
684 2556 814 2593 Cleric.
831 2581 845 2599 ‚
863 2556 901 2594 δε
917 2554 1076 2594 censuit
1092 2555 1222 2593 etiam
1239 2555 1322 2592 haec
1340 2554 1412 2592 Sa-

81 2619 150 2646 cra
165 2606 438 2656 Congregatio
464 2609 505 2645 in
518 2607 711 2657 Hispalen.
732 2622 766 2655 7.
783 2609 1006 2658 Septembris
1042 2611 1156 2648 1680.
1183 2607 1314 2649 limi.
1331 2608 1410 2644 De-

84 2668 171 2697 cret.
183 2668 362 2707 pag.224.

134 2765 230 2802 Tam.
254 2765 401 2804 XXXI.
709 2745 712 2747 ⁵
816 2763 856 2803 H
875 2765 900 2804 h
1255 2755 1410 2811 Digna-
