1934 2954
485 100 530 126 22

480 100 595 179 nossae
614 135 856 176 Studiorum
872 133 1147 176 Univerfitati
1177 135 1321 175 ereetae
1353 136 1392 176 in
1411 138 1598 179 Civitate
1613 135 1816 177 Cervaria:

477 190 729 231 Celsonenfis
748 189 1082 235 Dioecefis‚juxta
1099 188 1390 238 Coifiitutionem
1403 193 1532 231 XVII.
1548 192 1742 241 §.65.t0m.
1754 200 1815 231 13.

476 243 642 285 Bullam'i
658 241 814 280 Romani
829 271 840 281 .
873 240 1162 282 Postulationis
1195 241 1317 288 hujus
1334 241 1546 281 notionem
1564 243 1678 283 dedit
1697 243 1818 279 Sum-

479 306 572 337 mus
600 293 792 336 Pontifex
821 291 1063 344 particulari
1091 292 1411 343 Congregationi
1449 305 1621 344 quatuor
1649 295 1688 335 S.
1708 294 1752 332 R.
1769 291 1816 333 E.

481 346 769 388 Cardinalium
785 370 800 390 ‚
818 360 903 398 quae
919 346 987 387 die
1009 351 1070 385 16.
1088 345 1340 396 Septembris
1359 359 1428 393 ¹73
1438 351 1472 385 8.
1488 348 1633 395 Censuit
1643 352 1698 385 ita
1714 348 1819 384 San-

485 402 610 440 &itate
624 401 707 438 Sua
725 401 937 449 approbante
956 425 969 444 ,
976 400 1243 450 providendum
1258 399 1327 447 effe
1337 397 1453 452 juxta
1469 401 1611 438 modum
1625 428 1636 439 .
1661 398 1815 438 Modus

484 461 625 493 autem
644 451 742 496 fuit,
759 453 854 500 quod
869 465 915 490 ex
929 454 1027 490 bonis
1046 451 1130 489 olim
1135 451 1378 500 speffantibus
1398 453 1447 490 ad
1462 454 1662 491 Civitatem
1679 454 1819 489 Vicera-

472 507 555 559 sem
571 528 584 549 ‚
617 507 661 549 (ἔγ
675 503 863 555 applicatis
882 505 1122 555 vniverfitati
1138 506 1323 543 Cervaria
1341 529 1354 549 ‚
1373 504 1617 554 segregentur-
1643 513 1694 540 tot
1708 505 1818 553 Capi-

485 558 782 605 taliasrufiisera
797 583 809 602 ‚
836 571 985 608 quorum
1010 558 1124 595 annui
1139 559 1279 595 reditus
1305 558 1499 607 afiendant
1530 558 1580 595 ad
1606 555 1714 592 libras
1728 568 1818 606 qua-

486 612 699 659 dringentas
712 621 857 648 monetae
874 610 975 649 illius
990 610 1164 659 Regionis
1194 622 1205 649 :
1230 613 1274 656 &¹
1298 612 1371 648 haec
1387 611 1568 660 Capitalia
1585 608 1816 658 scgregata-a

486 673 696 702 remaneant
726 664 829 701 diflae
851 665 1008 701 Civitati
1035 662 1183 712 Vicenfi
1206 665 1250 701 ab
1273 665 1398 701 eadem
1414 662 1727 712 administramu,
1746 658 1820 709 sub

486 715 702 764 obligatione
721 716 920 765 deponendi
935 727 1018 767 quot
1035 718 1136 753 annis
1150 716 1324 764 prefatas
1340 717 1450 754 libras
1466 718 1746 765 quadringentas
1770 712 1822 750 ad

485 769 746 817 dispositionem
758 768 922 818 Episcopi
940 792 952 812 ‚
971 772 1034 818 qai
1046 782 1103 806 eas
1124 768 1336 817 distribuere
1351 793 1364 812 ‚
1394 772 1437 812 ἐφ’
1449 771 1613 818 affignare
1628 766 1770 804 debebit
1778 769 1820 802 in

478 820 704 870 stipendium
718 821 978 870 ,Magistrorum
992 819 1150 873 alicujus
1167 822 1320 858 Ordinis
1330 821 1524 869 Regularis
1538 848 1551 866 ‚
1558 822 1640 870 five
1654 818 1819 856 additio-
1860 823 1871 847 τ’

484 885 566 910 rum
582 872 742 919 servitio
759 873 963 911 Seminarii
978 895 991 915 ‚
1017 882 1081 922 pro
1101 870 1169 918 fito
1186 874 1338 910 arbitrio
1363 874 1678 922 destinandorum‚
1708 881 1819 908 cum-.-

485 937 589 962 onere
603 924 755 962 docenda·
774 928 895 973 gratis
917 934 1090 974 pauperes
1110 924 1281 974 Vicenses
1302 927 1588 964 Grammaticam
1606 948 1619 969 ‚
1644 924 1819 963 Rethori-

486 989 564 1014 cam
579 999 592 1018 ι,
610 978 653 1019 (ἔγ
671 977 896 1025 Theologiam
912 978 1081 1015 moralem
1092 1006 1101 1016 .

429 1027 813 1085 EjusdemtDecreti
842 1030 1064 1080 exequutio
1081 1054 1093 1073 ‚
1122 1030 1292 1078 speciali
1309 1029 1480 1080 Epistola
1515 1028 1691 1079 praefatae
1706 1027 1819 1067 Con-

479 1089 735 1131 gregatioms
761 1106 776 1127 ,
802 1080 1013 1121 commiffa
1040 1081 1122 1121 fuit
1147 1083 1345 1132 Episcopo
1377 1082 1539 1123 Vicenfi
1568 1109 1582 1128 ‚
1612 1081 1681 1133 qui
1715 1089 1817 1122 tunc.

481 1142 571 1173 erat
586 1132 850 1182 Raymundus
867 1134 916 1173 de
933 1135 1156 1185 Marymon
1173 1149 1187 1176 ‚·
1218 1137 1256 1175 Sc
1272 1135 1303 1174 is
1323 1161 1335 1180 ‚
1364 1138 1445 1184 post
1462 1138 1678 1187 sequutam
1691 1134 1818 1171 bono-

483 1197 575 1224 rum
589 1185 915 1235 segregationem
930 1188 1044 1232 juxta
1059 1187 1234 1227 formam
1252 1188 1596 1234 Decreti,aunuas
1611 1187 1705 1226 illas
1720 1195 1823 1236 qua.-

483 1237 721 1288 dringentas
751 1238 869 1278 libras
886 1252 907 1278 a
923 1238 1112 1281 Civitate
1128 1241 1285 1280 Vicensi
1305 1250 1402 1289 quot
1433 1241 1545 1280 annis
1560 1236 1820 1289 deponendas

484 1289 698 1347 affignavit
712 1290 906 1341 Collegio
934 1291 1012 1332 PP.
1031 1294 1253 1333 Societatis
1277 1292 1365 1341 Jesu
1385 1316 1398 1336 ‚
1430 1293 1536 1344 quod
1555 1294 1607 1332 est
1628 1292 1666 1330 in
1689 1303 1737 1331 ea
1752 1289 1823 1328 Ci-

484 1352 618 1381 vitate
638 1368 650 1387 ,
672 1344 936 1392 temporanee
953 1354 1094 1385 tamen
1108 1371 1122 1390 ,
1142 1347 1179 1386 S<
1195 1346 1264 1385 suo
1279 1345 1523 1396 suorumque
1540 1343 1823 1384 Succefforum

485 1395 746 1443 beneplacito
775 1395 949 1436 durante
979 1422 992 1442 ‚
1036 1410 1129 1436 cum
1161 1409 1287 1437 onere
1327 1398 1540 1437 erudiendi
1571 1395 1825 1442 Vicensemae

483 1446 753 1498 juventutem
769 1474 782 1493 ‚
812 1449 851 1488 Sc
868 1459 1043 1499 quatuor
1056 1450 1262 1490 retinendi
1279 1449 1492 1500 Magistros
1508 1477 1519 1496 ,
1547 1460 1719 1499 quorum
1735 1446 1819 1485 duo

484 1499 814 1539 Grammaticam
832 1525 847 1545 ‚
875 1502 1025 1542 tertius
1054 1503 1343 1546 Rhetoricam‚
1372 1503 1411 1542 Sc
1438 1511 1604 1553 quartus
1635 1500 1819 1545 Theolo-

481 1552 592 1602 giam
607 1552 815 1592 Moralem
833 1554 994 1601 publice
1013 1581 1026 1600 ,
1056 1555 1096 1594 8<
1110 1555 1237 1604 gratis
1252 1555 1449 1594 docerent
1467 1585 1478 1595 .
1509 1554 1587 1594 Sed
1605 1561 1819 1604 quaetem-

483 1615 660 1653 poranee
685 1603 791 1644 fasta
820 1604 901 1644 fuit
927 1606 1150 1655 adsignatio
1178 1607 1226 1645 ab
1253 1607 1453 1652 Episcopo
1482 1607 1533 1645 de
1559 1606 1818 1653 Marymou,

483 1667 576 1696 eam
605 1665 846 1706 perpetuam
879 1656 1050 1698 reddere
1080 1658 1216 1698 voluit
1234 1656 1438 1698 Successor
1452 1659 1673 1706 Episcopus
1691 1656 1821 1705 Ema-

483 1708 586 1764 nuel·
613 1708 796 1748 Munnoz
809 1734 824 1755 ,
852 1709 922 1758 qui
951 1710 1117 1759 publico
1144 1711 1336 1758 stipulatu
1369 1708 1640 1749 Instrumento
1667 1709 1735 1748 die
1753 1721 1821 1751 3ο.

483 1759 642 1810 Aprilis
660 1772 776 1809 1745.
792 1786 806 1806 ‚
837 1763 1040 1810 affignamus
1057 1762 1191 1813 inquit
1208 1785 1222 1805 ‚
1253 1764 1297 1806 ὠ·
1313 1772 1486 1812 quatenus
1517 1771 1598 1811 opus
1607 1762 1659 1810 fit
1672 1762 1820 1805 damur,

483 1814 709 1853 concedimus
740 1836 754 1857 ‚
796 1815 839 1857 ὰ
869 1814 1111 1861 transierimus
1132 1817 1302 1863 perpetue
1329 1839 1341 1859 ,
1371 1817 1415 1858 &¹
1441 1813 1733 1853 irrevocabiliter
1754 1821 1821 1861 per

479 1867 567 1905 Nos
583 1890 597 1911 ‚
627 1868 672 1910 (ῥ’
686 1865 914 1914 Saccefflres
929 1867 1056 1917 nostros
1077 1867 1310 1918 quoscumque
1323 1867 1483 1906 easdem
1497 1866 1616 1906 libras
1634 1863 1826 1916 quadrin-

476 1925 623 1969 gentas
638 1916 832 1969 Collegio
849 1918 1070 1959 Societatis
1086 1919 1174 1969 Jesu
1193 1944 1206 1963 ‚
1232 1930 1304 1967 pro
1319 1919 1518 1968 stipendio
1535 1927 1710 1969 quatuor
1725 1916 1823 1957 Ma-

479 1969 697 2020 gistrorum
711 1992 725 2016 ‚
754 1970 824 2022 qui
837 1971 997 2021 pietate
1015 1997 1031 2017 ‚
1054 1969 1242 2013 &literis
1259 1970 1433 2020 Juvenes
1452 1971 1665 2011 erudirent
1679 1994 1692 2015 ‚
1707 1972 1824 2017 juxta

479 2030 617 2063 certas
635 2023 888 2071 praescriptas
918 2025 1080 2074 regulas
1094 2050 1107 2071 ,
1137 2025 1176 2065 &
1194 2023 1418 2072 praesertim
1446 2024 1555 2076 quod
1573 2026 1654 2063 duo
1673 2025 1824 2063 Gram-

477 2074 680 2114 maricam
698 2074 898 2116 docerent
915 2102 928 2123 ,
945 2077 1096 2117 tertius
1113 2075 1381 2120 Rhetoricam
1397 2103 1411 2125 ‚
1441 2078 1480 2118 8<
1496 2086 1663 2129 quartus
1679 2076 1822 2116 Theo·

481 2127 638 2177 logiam
656 2127 862 2168 Moralem
881 2157 894 2169 .

427 2180 481 2222 Et
498 2182 593 2238 cum
607 2179 882 2237 Seminarium
898 2180 1158 2223 clericorum
1174 2209 1187 2230 ‚
1217 2185 1267 2226 ad
1295 2183 1571 2236 praescriptum
1586 2181 1696 2222 Sacri
1711 2181 1824 2221 Con-

482 2233 574 2272 c1111
608 2230 875 2279 Tridentini,
904 2246 1009 2274 anno
1030 2248 1143 2282 1750·
1171 2238 1365 2278 erexisset
1395 2236 1505 2274 idem
1520 2235 1740 2285 Episcopus
1765 2231 1818 2270 de

479 2284 661 2343 Munnos
675 2310 688 2330 ‚
718 2284 758 2323 in
785 2297 909 2334 quarn
938 2287 1097 2327 causam
1130 2291 1329 2340 applicati
1359 2287 1527 2328 fuerunt
1558 2301 1580 2327 a
1595 2288 1675 2327 san.
1690 2295 1815 2325 mem.

478 2335 703 2377 Benedlc‘to
719 2335 836 2378 XIV.
851 2337 1008 2379 fruetus
1032 2339 1331 2382 Beneficiorum
1354 2341 1590 2381 vacantium
1605 2336 1818 2380 Dioeoefis,

479 2388 658 2430 instituit
677 2390 715 2428 in
728 2402 778 2431 eo
797 2389 1048 2432 Cathedram
1063 2392 1194 2434 solum
1211 2394 1477 2444 Philosophiae
1490 2417 1503 2437 ‚
1521 2394 1560 2433 δε
1577 2388 1816 2436 Theologiae

482 2440 759 2499 Scholafficae,
789 2443 965 2484 mittens
998 2443 1050 2484 de
1075 2456 1228 2487 caetero
1246 2449 1449 2488 Alumnos
1469 2447 1517 2486 ad
1535 2444 1699 2485 scholas
1715 2438 1818 2478 Col-

477 2492 579 2550 legil
595 2494 820 2536 Societatis
833 2495 922 2546 Jesu
941 2507 1013 2544 pro
1028 2497 1312 2541 Grammatica
1326 2527 1341 2546 ,
1361 2498 1582 2539 Rhetorica
1597 2523 1610 2541 ‚
1625 2496 1664 2536 &
1679 2494 1816 2534 Theo·

482 2543 593 2596 logla
608 2546 762 2588 Morali
777 2547 1023 2589 addiscenda
1040 2579 1051 2589 .
1066 2551 1163 2592 Haec
1176 2552 1398 2594 methodus
1413 2552 1571 2591 servata
1583 2549 1635 2588 est
1647 2573 1660 2592 ‚
1675 2546 1831 2598 quous:-⁸

482 2606 562 2646 que
576 2606 680 2637 ²⁰³0
701 2612 816 2650 ¹759.
832 2601 1057 2643 Artificum
1077 2605 1248 2645 Gremia
1262 2631 1277 2652 ,
1302 2617 1379 2645 aere
1409 2604 1562 2643 conato
1577 2629 1589 2648 ‚
1604 2602 1819 2653 Magistros

479 2647 766 2692 conduxerunt
782 2678 798 2702 ,
829 2654 900 2705 qui
929 2654 972 2697 in
994 2653 1166 2700 AEdibus
1195 2655 1411 2701 Seminarii
1436 2651 1578 2694 Pueris
1605 2656 1820 2713 traderent

1732 2718 1818 2758 pri-

1444 2836 1453 2853 Ι
