1934 2954
515 178 566 213 80

517 235 685 270 manere
715 223 851 267 voluit
876 224 1015 265 omnia
1042 245 1056 267 ‚
1098 235 1182 274 quse
1211 222 1320 272 prius
1361 221 1610 271 disposuerat
1642 222 1680 261 in
1710 222 1844 263 Testa·

516 286 660 317 mento
678 306 688 316 .

467 332 647 375 Eandem
659 328 822 370 obtinet
837 328 1148 379 Cappellaniam
1177 327 1368 366 Sacerdos
1396 326 1565 376 joannes
1591 327 1752 366 Merula
1787 338 1842 365 «L,

517 382 709 433 praedit‘to
724 382 902 430 Gaspare
916 380 1143 424 Vincentio
1161 380 1495 430 descendens,qui
1511 380 1695 427 precibus·
1715 380 1776 418 SA
1785 378 1842 416 N-

516 433 790 474 CTISSIMO
816 435 963 474 oblatis
979 461 991 480 ‚
1021 436 1058 473 ἃ
1073 433 1123 471 ad
1139 434 1240 471 hanc
1258 433 1420 470 Sacram
1445 431 1844 482 Congregationem.)

519 485 690 526 remiffis
702 512 715 531 ,
740 487 922 534 exposuit
938 514 951 533 ‚
985 485 1244 535 pinguiorem
1262 486 1342 534 post
1356 483 1578 524 Testatoris
1607 486 1765 524 obitum
1783 483 1844 523 es—

518 538 669 578 sectam
685 536 763 578 esse
778 540 887 588 piam
903 538 1200 582 Haereditatem
1219 565 1230 582 ‚
1257 549 1341 587 quae
1369 539 1494 586 quum
1525 537 1634 586 prius
1652 537 1846 576 redderet

521 602 652 629 annua
674 591 790 630 scuta
808 590 870 632 86.
891 606 955 635 30.
986 599 1160 630 monetae
1190 585 1405 632 Romarffi,
1435 601 1539 627 nunc
1555 590 1742 638 producit
1773 602 1844 627 an-

519 655 619 682 nuos
648 641 800 682 fructus
828 644 980 684 valoris
1006 645 1212 682 scutorum
1236 648 1403 688 182·97·
1436 641 1614 686 ejusdem
1642 650 1847 681 monetaef

519 696 558 735 ὅς
578 694 670 734 ideo
683 697 905 744 postulabat
921 723 933 742 ‚
951 697 1067 735 illam
1083 696 1185 744 erigi
1201 695 1240 734 in
1258 693 1503 734 Beneficium
1519 694 1839 738 Ecclefiasticum

520 747 572 787 de
602 747 938 796 Jurepatronatus
967 757 1211 787 vocatorum
1247 748 1287 786 in
1316 745 1600 792 Testamento‚
1634 746 1838 794 affignatis

519 799 707 838 omnibus
722 798 914 840 fructibus
933 800 1180 840 Beneficiato
1197 826 1209 845 ‚
1238 811 1331 842 cum
1346 800 1435 848 lege
1450 800 1579 837 solum
1598 797 1837 838 investiendi

518 851 561 891 in
578 863 872 900 augumentum
891 853 1011 891 Dotis
1025 864 1154 892 annua
1169 853 1281 891 scuta
1297 852 1440 891 decem
1455 878 1467 896 ‚
1484 853 1522 891 ἃ
1536 851 1696 901 reliqua
1710 850 1840 888 adim-—

520 903 660 953 plendi
677 915 800 944 onera
829 906 932 955 apio
950 904 1161 944 Testatore
1188 904 1389 950 injunt‘ta.
1419 904 1535 942 Datae
1565 903 1730 942 fuerunt
1759 903 1838 941 de)

518 968 633 995 more
651 955 800 996 Literae
815 958 863 996 ad
878 957 1118 1007 Episcopum
1136 981 1149 999 ,
1178 966 1222 995 ut
1251 957 1413 994 Sacram
1441 955 1839 1005 Congregationem„

516 1007 748 1046 instrustam
764 1008 955 1048 redderet
973 1033 985 1052 ‚
1016 1010 1053 1047 8<
1070 1010 1229 1048 Votum
1248 1009 1361 1046 suum
1377 1010 1552 1056 aperiret
1572 1021 1580 1046 :
1610 1017 1734 1057 utque
1751 1019 1842 1045 om-

516 1060 634 1098 nibus
654 1059 843 1099 interesse
872 1060 1111 1105 habentibus
1137 1060 1361 1098 terminum
1390 1060 1613 1109 praefigeret
1633 1060 1684 1098 ad
1714 1059 1841 1098 dedu-

517 1111 694 1149 cendum
716 1112 804 1156 jura
818 1112 885 1150 sua
910 1112 948 1150 in
964 1114 1036 1150 hac
1056 1111 1175 1149 Sacra
1187 1110 1514 1160 congregatione
1531 1143 1540 1151 .
1556 1112 1608 1150 Et
1626 1111 1843 1161 Episcopus

517 1163 586 1200 sub
603 1162 670 1201 die
687 1173 724 1206 5.
742 1162 839 1212 Julii
854 1152 1071 1212 superidris
1086 1162 1180 1201 anni
1204 1163 1379 1207 retulit,
1412 1164 1603 1202 Oratoris
1621 1176 1757 1213 preces
1773 1175 1840 1201 ve-

519 1214 644 1253 ritate
659 1214 765 1253 niti:
795 1214 984 1255 interesse
1014 1215 1206 1254 habentes
1236 1215 1390 1262 jamdiu
1407 1227 1476 1264 per
1496 1216 1684 1254 Edit‘tum
1703 1214 1840 1253 moni·

517 1275 582 1305 tos
616 1279 693 1305 non
709 1266 938 1307 reclamasse
958 1280 967 1304 :
990 1267 1276 1317 ,Exequutores
1304 1266 1649 1306 Testamentarios
1665 1264 1837 1316 expresse

519 1317 700 1358 assentiri
717 1344 729 1363 ‚
759 1321 872 1365 juxta
889 1317 1158 1358 transmissum
1170 1319 1461 1358 documentum
1474 1347 1486 1365 ,
1504 1331 1599 1358 cum
1613 1320 1695 1358 sola
1709 1319 1840 1357 reser-

519 1370 687 1410 vatione
702 1372 856 1416 jurium
886 1371 971 1420 ipsis
987 1371 1316 1421 competentium
1337 1384 1383 1410 ex
1400 1371 1662 1410 Testamento
1679 1383 1688 1408 :
1718 1372 1755 1410 Sc
1771 1373 1843 1409 hu·-

515 1422 694 1469 jusmodi
714 1424 964 1463 eoeflionem
995 1423 1145 1463 nedum
1163 1436 1383 1473 congruere
1401 1423 1564 1471 Synodo
1590 1420 1843 1462 Provinciali

514 1474 816 1515 Mediolanensi
834 1503 845 1522 ,
876 1476 942 1515 sed
958 1476 1086 1515 etiam
1103 1476 1296 1515 cessuram
1312 1475 1398 1515 fore
1435 1477 1474 1515 in
1507 1475 1736 1514 utilitatem
1767 1474 1842 1522 piae

519 1527 789 1576 dispositionis
807 1555 819 1573 ‚
855 1529 894 1568 Sc
908 1527 1031 1567 decus
1048 1529 1232 1567 Ecclefiae
1251 1528 1580 1577 Viglevanenfiss
1611 1528 1648 1568 Sc
1672 1526 1842 1577 proinde

517 1579 751 1625 arbitratur,
767 1581 940 1630 petitam
957 1581 1133 1629 gratiam
1154 1580 1322 1619 concedi
1340 1579 1446 1627 poffe
1462 1605 1474 1624 ‚
1502 1589 1674 1619 onerato
1702 1587 1842 1617 tamen

517 1630 767 1671 Beneficiato
793 1633 840 1671 ad
864 1632 1157 1673 investiendum
1187 1644 1234 1672 ex
1249 1631 1442 1672 frut‘tibus
1457 1632 1648 1671 Beneficii
1679 1641 1840 1670 annua-s

517 1700 569 1734 ἦν
585 1698 646 1722 20.
663 1684 702 1722 in
722 1695 1013 1734 augumentum
1033 1685 1153 1726 Dotis
1168 1715 1178 1725 .
1351 1687 1358 1692 '

465 1736 617 1781 Preces
634 1748 738 1776 nunc
755 1746 927 1776 renovat
942 1738 1096 1777 Orator
1111 1764 1122 1782 ,
1150 1738 1188 1777 St
1204 1736 1385 1786 disputat
1399 1764 1410 1783 ,
1439 1737 1616 1786 petitam
1649 1733 1843 1776 Beneficii

517 1788 786 1828 Ecclefiastici
817 1790 1067 1830 erestionem
1097 1803 1319 1839 congruere
1351 1790 1528 1837 septimae
1560 1788 1724 1839 Synodo
1745 1786 1845 1825 Pro-

514 1841 1018 1887 vincialiMediolanenfi,
1048 1842 1114 1881 cui
1142 1843 1265 1880 subest
1294 1842 1600 1892 Viglevanensis
1619 1841 1798 1879 Ecclefia
1828 1864 1842 1884 ‚

514 1892 558 1931 in
575 1905 650 1943 qua
666 1893 734 1932 sub
758 1893 885 1932 titulo
910 1896 955 1932 de
980 1895 1090 1944 Mtffi‘s
1118 1894 1370 1944 disponitur,
1401 1894 1508 1944 quod
1532 1896 1723 1944 optandum
1750 1893 1796 1941 est
1823 1914 1838 1934 ‚

516 1955 562 1982 ut
576 1959 653 1993 quae
669 1948 714 1984 de
723 1960 811 1985 novo
825 1947 1063 1996 instituuntur
1081 1971 1095 1991 2
1125 1950 1168 1990 (ἔγ
1183 1961 1258 1998 quae
1275 1949 1392 1984 adhuc
1406 1947 1688 1998 constitutasmtt
1703 1951 1808 1981 onera
1826 1967 1840 1986 ‚

515 2006 562 2034 ut
581 2009 731 2042 vocant,
746 2003 967 2037 mercenaria
982 2025 994 2044 ‚
1023 2014 1066 2038 ea
1078 2025 1091 2044 ‚
1118 2010 1289 2049 quantum
1302 2000 1395 2045 fieri
1406 2004 1541 2049 poterit
1559 2024 1571 2043 ‚
1600 2003 1638 2036 in
1664 1997 1840 2034 titulum-2

521 2051 713 2097 erigantur
729 2076 742 2095 ‚
772 2056 817 2088 iis
832 2077 844 2095 ‚
873 2065 1020 2101 quorum
1034 2053 1179 2102 interest*
1193 2076 1205 2095 ‚
1237 2052 1534 2101 consentientibus
1550 2078 1562 2097 ‚
1592 2051 1841 2100 rqservatoque

515 2104 628 2139 etiam
639 2101 909 2141 Fundatoribus
929 2128 942 2149 ,
971 2117 1158 2155 eorumque
1185 2105 1405 2142 Haeredibus
1424 2103 1514 2157 jure
1540 2103 1770 2146 nominandi,
1797 2113 1840 2143 w·
1931 2117 1934 2145 1

508 2154 754 2202 praesentandi
785 2158 1016 2194 Sacerdotem
1046 2157 1096 2193 ad
1113 2157 1293 2204 formam,
1315 2156 1628 2207 praescriptumque
1648 2154 1839 2202 fundatio-

514 2207 570 2243 nis
588 2206 692 2254 ipstus
708 2236 719 2246 .
752 2207 804 2247 Et
818 2208 988 2246 minime
1009 2221 1230 2258 repugnare
1249 2216 1437 2248 autumat
1455 2209 1558 2258 Juris
1574 2204 1805 2256 dipofitioni
1819 2218 1834 2245 ‚·

517 2259 642 2308 quum
676 2260 868 2305 expediat
895 2283 909 2303 ‚
946 2261 1044 2306 justa
1087 2270 1355 2300 concurrente
1393 2262 1508 2300 causa
1549 2257 1794 2299 neceffitatis
1822 2281 1837 2300 ‚

515 2309 585 2348 vel
602 2309 806 2352 utilitatis
823 2335 838 2355 2
867 2311 952 2362 pias
968 2312 1244 2352 Morientium
1259 2314 1498 2353 voluntates
1512 2313 1552 2351 in
1567 2309 1714 2349 melius
1729 2321 1839 2349 com-

517 2369 680 2402 mutare
698 2393 708 2402 .
1833 2383 1840 2392 ·

466 2413 612 2462 justam
632 2416 752 2463 porro
766 2414 935 2455 Causam
954 2429 1031 2455 non
1047 2415 1179 2457 deesse
1194 2418 1349 2466 putat':
1377 2426 1468 2456 tum
1486 2413 1651 2465 pietatis
1669 2438 1681 2458 ‚
1712 2413 1836 2463 quia.)

514 2479 622 2506 novo
638 2467 768 2506 titulo
794 2468 1069 2507 Ecclesiastico
1083 2468 1348 2509 decoraretur
1371 2468 1545 2508 Ecclefia
1561 2466 1837 2515 Viglevanen-

513 2520 561 2555 fis
578 2541 591 2561 ‚
621 2520 766 2570 &quia
796 2521 949 2560 erectio
965 2520 1237 2571 Cappellaniae
1264 2520 1462 2561 manualis
1493 2519 1534 2557 in
1560 2517 1835 2558 Beneficium-2

515 2568 840 2624 Ecclefiastieum
867 2571 1007 2612 tendit
1036 2573 1085 2612 ad
1098 2575 1295 2620 majorem
1321 2573 1401 2613 Dei
1417 2571 1576 2611 cultum
1607 2582 1653 2610 ex
1679 2571 1837 2620 obliga-

511 2627 626 2659 tione
645 2623 844 2664 recitandi
873 2624 1072 2665 Officium
1090 2626 1286 2665 Divinum
1303 2651 1316 2671 ,
1342 2636 1427 2675 quae
1451 2622 1731 2673 superadditur
1759 2623 1836 2661 Be·-

512 2671 706 2711 neficiato
731 2677 839 2714 ultra
855 2689 957 2715 onus
971 2675 1181 2716 Miffarum
1199 2701 1211 2722 ‚
1234 2685 1278 2716 ut
1293 2675 1430 2728 inquit
1452 2676 1632 2726 Amostaz,
1654 2677 1701 2712 de
1716 2675 1831 2724 Caufis

511 2726 584 2778 piis
613 2725 720 2769 liba.
741 2736 857 2778 capa.
875 2741 1077 2774 numssm:
1107 2737 1196 2770 tum
1212 2729 1342 2771 etiam
1371 2727 1597 2775 utilitatiS,
1629 2726 1722 2779 quia
1748 2738 1838 2818 alun-
1883 2748 1885 2751 v

1727 2791 1750 2829 p
1773 2789 1832 2816 xus
