1934 2954
539 139 612 179 1‘82

533 192 828 232 &libertatem
847 189 1143 235 Matrimonii,
1161 188 1210 229 de
1226 201 1304 238 qua
1318 187 1383 227 hic
1400 189 1517 228 unice
1536 188 1733 238 quaeritur
1748 212 1762 234 ‚
1789 189 1870 228 mi·-

530 245 643 284 nime
661 245 791 283 laesarn
821 253 940 292 putat
959 244 1006 281 ab
1022 245 1098 281 hoc
1118 241 1293 281 secundo
1313 241 1524 286 Decret0‚
1553 242 1593 280 in
1613 255 1693 291 quo
1707 267 1720 287 ‚
1752 242 1867 280 nulla

523 309 637 348 paena
652 323 664 341 ‚
681 296 923 345 proponitur
939 295 1103 345 indigne
1121 294 1380 334 Nubentibus
1394 318 1406 337 ‚
1435 295 1505 334 sed
1535 295 1679 334 reli-sta
1696 293 1781 332 illis
1797 305 1867 332 na·-

526 349 614 388 tiva
628 349 824 388 libertate
841 375 852 393 ,
870 361 978 398 aeque
993 348 1169 386 liberum
1184 347 1449 396 praeservatur
1464 347 1678 386 arbitrium
1692 345 1867 385 Consilii

528 400 824 440 Reformantiae
839 400 1092 440 concedendi
1111 425 1123 444 ,
1154 400 1220 439 vel
1250 399 1478 449 denegandi
1504 400 1674 439 Civibus
1702 398 1866 438 Patrios

523 456 717 497 honores,
738 454 865 493 etiam
883 453 1011 492 titulo
1026 452 1283 492 succeffionis
1296 453 1528 501 praetensoss
1542 464 1616 491 nec
1629 454 1693 500 jus
1710 462 1867 491 novum

521 505 656 545 afferit
678 506 816 545 induci
836 517 907 555 per
926 506 1083 544 dictum
1098 506 1311 545 decretum
1327 531 1340 549 ‚
1358 504 1427 542 secl
1446 504 1619 553 priscum
1638 506 1688 544 ad
1703 517 1865 543 memo-

521 559 625 596 riam
643 559 827 598 revocari
849 585 860 603 ‚
876 562 999 610 quum
1018 558 1161 598 Patriae
1175 559 1286 608 leges
1300 570 1321 596 a
1339 557 1466 596 Paulo
1482 556 1533 596 V.
1564 558 1732 596 Summo
1757 556 1863 596 Pon-

523 611 634 650 tifice
652 611 896 651 confirmatae
920 621 1096 651 caveant
1115 637 1126 656 ,
1157 624 1206 650 ne
1225 610 1320 650 Filii
1350 609 1504 649 ambire
1534 611 1702 649 valeant
1731 610 1863 649 titulo

522 662 779 702 succeffionis
796 663 944 713 gradus
962 677 983 703 a
1002 663 1123 703 Patre
1137 672 1357 713 occupatos
1374 687 1387 706 ‚
1414 674 1519 702 neve
1534 663 1582 701 ad
1600 662 1862 712 Magistratus

519 717 697 755 honores
713 726 961 766 cooptentur
979 717 1075 755 Filii
1101 717 1228 756 etiam
1246 715 1462 755 Nobilium
1482 741 1495 760 ,
1527 716 1597 753 nisi
1612 716 1708 754 duas
1726 727 1771 754 ex
1786 714 1862 753 tri·-

518 767 590 806 bus
606 769 787 817 partibus
815 769 1097 820 suffragiorum
1113 767 1313 819 assequuti
1337 767 1386 807 ad
1407 768 1574 806 illorum
1590 767 1863 807 fruitionem-a

515 818 776 869 deligantur:
809 821 916 860 itaut
948 835 1060 871 paena
1077 822 1228 862 inflicta
1246 821 1380 861 videri
1397 832 1475 859 non
1492 820 1637 870 possit,
1668 832 1764 859 curn
1786 831 1864 860 ne·-

515 871 621 910 mini
637 874 685 911 fit
703 875 766 918 jus
794 876 1004 924 quaefitum
1027 875 1076 914 ad
1094 875 1247 925 patrios
1264 877 1438 914 honores
1454 903 1464 913 .

465 924 670 964 Praeterea
687 926 881 974 opinatur
897 953 909 973 ‚
943 927 993 966 ad
1011 928 1253 968 libertatem
1270 926 1535 965 Matrimonii
1552 925 1861 972 impediendam

518 987 598 1014 non
627 978 838 1027 pertinere
869 992 1035 1028 poenam
1065 981 1220 1019 Statuti
1251 980 1504 1029 prohibentis
1537 979 1864 1018 Matrimonium

514 1039 609 1066 cum
630 1039 747 1068 certo
766 1043 918 1079 genere
932 1031 1199 1072 Personarum
1216 1057 1229 1076 ‚
1251 1045 1296 1071 ex
1314 1033 1430 1072 causa
1447 1033 1614 1079 public-e
1633 1031 1860 1076 utilitatis,
1896 1066 1898 1068 a

515 1079 620 1118 dum
641 1082 769 1138 libera
786 1093 952 1123 maneat
971 1083 1150 1125 facultas
1168 1084 1386 1124 commode
1404 1110 1415 1130 ‚
1441 1085 1480 1124 ἃ
1497 1087 1659 1124 honeste
1676 1082 1858 1123 nubendi

515 1145 609 1170 curn
626 1134 721 1172 aliis
738 1134 922 1174 Personis
939 1160 950 1180 ‚
987 1150 1072 1187 quae
1101 1151 1179 1176 non
1201 1139 1275 1176 fiut
1310 1137 1362 1176 de
1379 1148 1528 1186 genere
1546 1137 1754 1185 prohibito
1767 1162 1780 1181 ‚
1809 1143 1863 1175 ut

515 1186 674 1225 tuendo
689 1187 931 1235 opinionem
948 1192 1052 1229 Bart.
1070 1195 1108 1228 in
1119 1193 1207 1239 Leg.
1226 1192 1414 1230 Edicimus
1431 1203 1570 1228 num.2.
1601 1191 1687 1228 Cod.
1705 1191 1750 1226 de
1762 1189 1858 1227 Mu-

519 1237 720 1296 rfleg.lib.1
735 1255 764 1279 1.
784 1240 919 1280 firmat
941 1244 1409 1293 Gratiamdisceptforens.
1427 1246 1772 1292 cap.209.num.26.

456 1287 601 1341 Atque
635 1293 675 1330 ld
694 1294 885 1340 exemplo
912 1295 1141 1335 confirmari
1159 1298 1381 1336 arbitratur
1401 1323 1413 1342 ‚
1447 1298 1499 1335 ob
1524 1295 1672 1334 similia
1689 1295 1858 1334 Statuta

510 1343 703 1401 Bononiae
726 1371 739 1390 ,
772 1346 810 1384 &c
832 1345 969 1386 Imolae
988 1371 1000 1392 ‚
1032 1361 1206 1398 quorum
1236 1349 1466 1388 efficaciam
1499 1360 1580 1387 non
1594 1347 1725 1386 minui
1741 1373 1754 1392 ,
1783 1345 1856 1385 sed

508 1407 650 1444 augeri
668 1406 787 1443 putat
806 1409 851 1437 ex
874 1400 1186 1440 confirmatione
1215 1403 1372 1442 Summi
1388 1400 1599 1440 Pontificis
1618 1427 1629 1446 ‚
1667 1402 1704 1440 Sc
1724 1400 1856 1438 Sacrae

508 1447 717 1487 Consultae
744 1475 755 1506 3
781 1462 908 1499 quum
927 1451 1021 1491 inde
1036 1455 1390 1498 praeffimiliceat,
1420 1452 1534 1492 fuilse
1562 1462 1753 1501 reputata
1768 1463 1853 1490 non

512 1510 782 1559 repugnantia
798 1503 985 1559 libertati
1005 1505 1294 1547 Matrimonii,-
1326 1507 1392 1547 vel
1416 1506 1562 1544 saltem
1579 1530 1591 1549 ‚
1622 1506 1648 1543 fi
1667 1516 1753 1555 quae
1785 1503 1852 1542 vis

506 1552 649 1592 addita
662 1554 748 1592 ill1s
766 1552 845 1593 fuit
868 1567 937 1603 per
953 1558 1307 1598 confirmationem
1322 1584 1334 1602 ,
1361 1572 1410 1598 ne
1429 1557 1579 1596 illicita
1593 1556 1857 1604 Judicentur,

505 1616 648 1658 parem
676 1605 901 1663 efficaciam
931 1612 1240 1650 controversum
1259 1612 1487 1651 Decretum
1518 1609 1853 1660 assequutururrta

506 1657 726 1697 contendit
751 1660 833 1708 post
850 1660 1209 1702 confirmationem
1227 1663 1506 1712 Apostolicam
1521 1660 1700 1710 expreffe
1717 1661 1851 1699 reser-

506 1719 672 1768 vatam.
704 1711 756 1751 Et
784 1711 957 1753 minime
990 1723 1182 1755 extranea
1210 1716 1368 1762 judicat
1386 1717 1551 1754 Statuta
1570 1714 1852 1764 Equestrium..

503 1761 761 1803 Militiarum
776 1778 792 1805 3
810 1768 904 1816 quia
918 1767 944 1805 fi
962 1766 1035 1813 illa
1053 1779 1214 1817 poenam
1231 1780 1311 1807 non
1329 1769 1508 1817 irrogant
1525 1791 1536 1810 ‚
1555 1763 1849 1815 praescribendo

505 1815 768 1856 conditiones
786 1844 799 1863 ,
829 1818 897 1856 sub
913 1819 1056 1869 quibus
1084 1819 1173 1859 fieri
1190 1820 1312 1861 debet
1332 1821 1531 1860 nobilium
1552 1818 1769 1867 cooptatio
1798 1816 1850 1856 ad

501 1880 643 1907 earum
662 1870 826 1910 ordines
842 1894 855 1914 ‚
888 1873 1050 1920 poenale
1082 1885 1243 1923 quoque
1262 1873 1483 1912 dicendum
1515 1884 1593 1910 non
1611 1872 1659 1909 fit
1687 1870 1847 1909 Decre-

498 1926 594 1958 tum
607 1946 620 1965 2
652 1921 702 1960 de
719 1935 798 1972 quo
816 1932 952 1972 agitur
970 1950 982 1969 ‚
1013 1936 1140 1974 quum
1156 1938 1236 1967 uon
1254 1926 1396 1971 ejiciat
1413 1924 1586 1963 Nobiles
1603 1924 1650 1962 ab
1664 1923 1808 1962 ordine
1828 1945 1847 1967 2

497 1972 568 2030 sed
585 1983 751 2012 moneat
781 1985 1074 2016 concurrentes
1093 2001 1106 2020 ‚
1136 1978 1279 2027 quibus
1297 1979 1459 2016 nullum
1475 1978 1538 2021 jus
1563 1975 1774 2027 quaefitum
1791 1976 1847 2014 est
1887 2019 1898 2025 ,

495 2026 628 2082 titulo
643 2026 902 2066 succeffionis
920 2053 934 2072 ,
967 2029 1249 2069 admistionem
1264 2029 1504 2069 eorumdem
1519 2028 1568 2068 ad
1583 2028 1731 2078 gradus
1750 2027 1843 2065 No·-

495 2078 794 2135 biliumlibere
810 2078 1044 2118 faciendam
1065 2081 1141 2121 esse
1161 2095 1183 2121 a
1199 2081 1379 2120 Consilio
1396 2080 1705 2127 Reformantiae,
1723 2083 1839 2125 juxta

493 2130 762 2187 conditiones
779 2157 793 2176 ‚
809 2133 848 2172 ὃς
870 2132 1095 2184 qualitates
1114 2133 1311 2173 initarum
1325 2134 1580 2183 Nuptiarum
1594 2163 1603 2172 .

444 2181 663 2221 Publicam
680 2183 861 2235 denique
882 2184 1120 2225 utilitatem
1137 2187 1175 2225 in
1197 2187 1382 2226 Decreto
1401 2181 1838 2228 verificari‚asserit‚ob

495 2235 855 2289 conservationem
876 2236 1144 2277 Familiarum
1163 2238 1396 2284 Nobilium,
1415 2252 1464 2277 ne
1481 2239 1756 2283 deturpentur
1774 2236 1836 2274 in-

494 2285 629 2336 dignis
645 2288 819 2334 nuptiis,
830 2290 945 2334 juxta
963 2292 1158 2340 perpensa
1175 2304 1247 2341 per
1263 2296 1423 2331 Heinec.
1439 2294 1488 2329 ad
1502 2294 1586 2339 Leg.
1609 2288 1771 2337 Juliam,
1790 2293 1834 2333 &¹

495 2340 657 2388 Papiam
674 2340 761 2390 Pop.
779 2341 887 2380 lim.
908 2351 1027 2391 cap.5.
1047 2344 1130 2392 «ἕψῃ.
1149 2369 1161 2387 ,
1180 2346 1325 2396 &feq.‚
1342 2346 1509 2390 &juxta
1525 2340 1832 2391 providentiam

491 2390 544 2430 de
561 2393 745 2441 generali
773 2393 1070 2434 consuetudine
1099 2396 1250 2447 ubique
1276 2400 1482 2438 servatam
1512 2395 1551 2433 in
1565 2393 1750 2442 Europa,
1781 2402 1830 2434 ut

486 2444 690 2492 ponderat
705 2446 916 2494 Muscettol.
935 2450 974 2483 in
988 2447 1144 2494 DtJffert.
1161 2451 1206 2487 de
1224 2452 1374 2501 Spons„
1393 2454 1436 2494 ἐν
1447 2451 1564 2492 Matr.
1580 2450 1618 2483 in
1628 2456 1772 2496 procem·

542 2495 634 2535 Erit
650 2497 790 2548 itaque
810 2499 858 2537 ab
874 2498 955 2537 EE.
974 2498 1068 2540 VV.
1087 2499 1363 2543 definiendum
1384 2533 1393 2543 .

434 2546 509 2585 An
524 2550 575 2596 fit
594 2549 766 2599 standum
783 2577 798 2600 ‚
830 2552 893 2592 vel
903 2553 1148 2601 recedendum
1172 2569 1195 2595 a
1210 2558 1333 2607 deczfis
1349 2582 1363 2604 ‚
1392 2558 1432 2594 in
1444 2553 1527 2603 casu
1540 2554 1614 2597 ὡς,

1738 2759 1821 2805 Die
