1934 2954
35 185 254 237 Episcopus
273 188 414 222 autem
449 179 500 219 de
518 192 632 220 more
651 179 815 218 auditus
847 183 966 226 putat
982 201 994 222 ‚
1024 176 1074 215 ad
1091 187 1176 216 rem
1207 141 1424 219 conferi&

91 237 290 278 nonnulla
319 233 516 282 rescripta
539 233 665 271 Sacrae
683 233 799 278 hujus
815 229 1156 278 Congregationis
1182 242 1204 268 a
1224 231 1428 270 sanmem.

93 288 320 330 Bcnedit‘to
333 286 451 326 XIV.
473 311 486 331 ‚
516 285 614 324 dum
629 297 795 324 munere
815 281 1035 321 Secretarii
1052 280 1293 331 fungebatur
1315 307 1328 325 ‚
1348 284 1431 321 col-

92 342 199 381 let‘ia
215 341 253 379 in
273 338 610 378 adnotationibus
642 339 690 375 ad
703 338 866 376 Dubium
881 335 1087 372 Praebendae
1107 335 1324 383 Theologalis
1355 335 1431 372 im-

90 393 229 443 preffis
242 393 282 431 in
300 392 413 431 calce
427 390 519 429 folii
541 387 882 440 congregationis
902 386 1045 426 habitae
1061 386 1128 426 die
1146 386 1291 436 5.Junii
1314 399 1428 432 1723,

93 445 135 484 in
164 445 302 496 quibus
322 443 547 492 Rescriptis
577 441 819 493 quandoque
847 438 986 478 favore
1004 438 1156 478 Provifi
1182 439 1232 479 de
1251 437 1433 477 Theolo-

89 497 175 547 gali
205 496 369 536 admissa
394 496 473 534 fuit
491 495 648 534 Laurea
666 492 899 532 Dot‘toralis
920 491 959 529 in
977 491 1071 541 Jure
1091 491 1296 531 Canonico
1310 514 1322 534 ‚
1339 492 1431 528 loco

92 549 274 590 alterius.
301 549 341 587 in
360 547 562 587 facultate
594 546 850 595 Theologica
864 557 880 584 5
916 557 989 583 nec
1018 542 1213 593 refragari
1242 551 1432 582 autumat

94 602 392 641 resolutionem
421 601 528 639 diua
546 599 614 639 die
634 598 790 638 editam
807 599 920 645 super
952 596 1076 636 dubio
1104 613 1131 633 z
1158 596 1233 634 Aa
1260 595 1433 643 Provisus

94 655 141 691 de
157 655 356 692 Praebena'a
376 653 581 701 Theologali
597 678 608 698 ‚
630 665 710 689 cum
726 648 889 699 clausula
903 652 948 686 de
965 649 1167 698 affumendo
1181 648 1276 696 iufra
1294 657 1428 684 annum

88 707 213 755 gradu
227 706 436 755 Magisterii
456 709 494 742 iu
509 707 628 742 Sacra
646 704 834 752 Theologia
856 705 895 739 in
910 702 1032 751 aliqua
1048 702 1238 752 approbata
1270 702 1432 738 vniver-

86 760 224 808 Jitate,
254 761 297 795 de
303 758 443 811 jurefit
481 761 554 795 ciat
571 783 584 802 ‚
610 758 704 806 quod
717 755 970 804 Magisterium
998 756 1096 802 infra
1127 767 1258 791 annum
1286 755 1437 801 recipiat

92 813 133 848 in
154 811 249 860 Jure
268 813 442 849 canonico
457 809 477 847 ἓ
507 822 533 842 =
562 809 629 848 cui
648 808 767 848 Sacra
784 807 1063 857 Congregatio
1081 805 1289 855 respondit
1305 821 1330 841 =
1345 807 1436 843 Ne-

87 868 220 912 gative
236 889 248 908 ‚
278 865 321 906 ἐς·
347 864 538 900 habebitur
565 866 658 899 ratio
683 865 720 898 in
737 862 866 910 castbus
882 860 1165 909 particularibus
1195 872 1221 892 =
1240 882 1252 901 ‚
1286 866 1330 896 ut
1360 856 1433 894 im,

91 916 229 962 lib.73.
245 917 587 964 Decret.pag.251.
605 938 617 959 ‚
647 926 739 952 cum
771 925 816 952 ex
835 912 942 951 dieta
964 912 1143 950 clausula
1173 908 1434 959 superaddita

94 967 307 1019 Rescripto
337 967 535 1015 negativo
552 993 563 1012 ,
593 967 783 1006 videatur
814 965 883 1004 fibi
903 964 1047 1004 eadem
1070 964 1188 1004 Sacra
1202 962 1437 1011 Congrega-

91 1018 442 1110 {iodpraeservasse
472 1018 723 1058 facultatem
766 1030 814 1058 ex
842 1016 1079 1057 rationabili
1119 1016 1234 1059 causa
1262 1015 1424 1063 dispen-

111 1084 158 1111 an
192 1085 233 1111 1.

39 1126 93 1165 Et
110 1124 210 1164 licet
227 1124 356 1172 postea
373 1124 455 1163 san.
474 1135 597 1163 mem.
615 1122 860 1162 Bene-dietus
879 1119 995 1161 Χ1ΙΙ.
1027 1121 1065 1159 in
1080 1121 1148 1160 sua
1165 1116 1443 1159 Constitutio-

90 1189 142 1215 ne
159 1175 350 1224 Pastoralis
367 1177 468 1225 officii
498 1175 610 1215 edita
627 1187 732 1214 anno
753 1186 865 1222 1725.
881 1199 894 1218 ,
928 1175 965 1214 Sc
984 1175 1115 1213 relata
1135 1173 1174 1211 in
1193 1169 1437 1220 Appendice

91 1228 143 1268 ad
158 1227 392 1267 Concilium
410 1228 640 1268 Romanum
666 1242 806 1266 nurum.
825 1253 838 1272 ‚
869 1226 1055 1275 expresse
1087 1223 1269 1265 edixerit
1286 1247 1300 1266 ι,
1331 1219 1441 1272 quod

94 1279 319 1319 Praebendae
338 1278 614 1329 Theologales
646 1281 946 1328 conferrisemper
963 1280 1117 1316 debeant
1145 1277 1298 1314 Dotion·
1312 1278 1349 1311 in
1367 1276 1441 1311 Sa·-

95 1346 161 1378 cra
179 1332 370 1380 Theologia
387 1358 399 1377 ,
430 1333 493 1370 vel
500 1337 561 1382 qui
578 1333 676 1379 infra
691 1345 820 1369 annum
839 1330 1064 1368 Dofloralem
1079 1329 1244 1366 lauream
1259 1331 1298 1363 in
1312 1327 1437 1363 eadem

88 1383 492 1434 facultatesuscipiat;
519 1384 788 1422 nihilominus
816 1383 926 1422 idem
957 1381 1177 1430 Episcopus
1206 1379 1401 1425 opinatur
1424 1398 1438 1418 ‚

92 1436 334 1485 ademptam
352 1436 445 1476 inde
473 1447 551 1474 non
570 1434 686 1475 fuisse
715 1447 883 1474 omnem
913 1434 1022 1483 spem
1050 1429 1360 1481 dispensationis
1391 1429 1439 1484 ab

93 1491 170 1529 hac
187 1489 307 1528 Sacra
324 1487 655 1538 Congregatione
683 1486 913 1527 obtinenda:
940 1487 979 1525 in
999 1487 1148 1526 casibus
1176 1482 1438 1535 particulari-

95 1545 168 1580 bus
193 1541 242 1580 ad
261 1551 444 1579 normam
460 1541 561 1579 die‘ti
579 1540 764 1589 rescripti
782 1539 875 1579 anni
897 1551 1010 1586 1723.

48 1594 200 1635 Causas
216 1594 315 1632 vero
332 1593 382 1632 ad
396 1593 648 1633 sternendam
665 1593 774 1632 viam
801 1600 951 1641 optatae
973 1588 1263 1641 dispensationi
1283 1584 1442 1636 repetit

99 1659 123 1686 a
140 1645 340 1696 qualitate
360 1645 553 1684 Oratoris
568 1671 580 1690 ‚
600 1644 781 1685 referens
797 1670 809 1690 ‚
829 1645 936 1694 quod
963 1645 1035 1683 ille
1055 1670 1067 1689 ‚
1090 1638 1323 1694 peraffojam
1339 1638 1444 1688 cursu

100 1697 336 1748 philosophico
351 1699 391 1735 in
405 1698 560 1747 Collegio
574 1698 717 1748 Illyrico
733 1700 938 1736 Lauretano
952 1723 965 1743 ‚
995 1698 1117 1746 ibique
1129 1695 1289 1744 pri-vatis
1307 1692 1441 1728 habitis

97 1749 404 1796 disputationibus
418 1776 431 1796 ,
464 1754 507 1794 ὠ·
534 1753 646 1788 etiam
672 1750 829 1800 publicis
861 1752 934 1793 &a
951 1775 965 1795 ‚
997 1748 1171 1798 regreffus
1199 1747 1397 1783 ‘vrbaniam
1426 1765 1441 1786 ,

102 1803 163 1839 hic
174 1811 238 1850 per
249 1803 433 1840 biennium.
447 1813 524 1840 tum
541 1817 642 1840 mane
656 1828 669 1848 ‚
700 1812 778 1839 tum
805 1801 950 1852 vespere
978 1811 1044 1850 per
1054 1802 1144 1837 duas
1168 1801 1326 1835 circiter·
1341 1797 1443 1831 horas

99 1855 216 1893 Sacra
234 1854 423 1902 Theologia
440 1857 659 1904 Dogmatica
671 1855 864 1904 instructus.
877 1854 924 1902 est
945 1863 1011 1903 per
1018 1852 1086 1902 fibi
1099 1850 1318 1900 peculiarem
1337 1846 1447 1894 desti-

99 1915 227 1951 natum
250 1905 467 1955 Magistrum
484 1907 532 1946 R.
548 1910 591 1946 P.
600 1908 643 1945 V
641 1909 843 1944 iacentium
858 1905 1023 1942 Mariam
1040 1904 1195 1941 Luciani
1211 1912 1261 1937 ex<
1273 1898 1446 1936 Clericor.

99 1957 275 2006 Regulam
292 1957 482 1997 Minorum
496 1958 656 1997 Familia
672 1988 687 1997 .,
712 1958 798 1996 Inde
815 1959 955 1996 Orator
971 1958 1019 2006 se·
1033 1950 1402 1997 vrhinumconfhrens
1431 1971 1447 1990 5

97 2020 164 2060 per
178 2009 324 2058 aliquod
338 2019 473 2060 tempus
488 2014 642 2062 ‘Utrique
658 2010 751 2060 ‘Juri
768 2013 935 2054 vacavit,
953 2019 1142 2056 numquam
1156 2016 1275 2043 tamen
1287 2004 1327 2039 S.
1335 2002 1445 2038 Theo-

98 2060 325 2111 logiaestudio
339 2063 739 2110 praetermiffo.luterim
753 2055 1299 2107 occurrenteformaliConcursu
1312 2054 1361 2090 ad
1372 2064 1438 2090 va-

105 2124 248 2153 cantem
262 2113 498 2150 Praebendam
515 2113 780 2162 Theologalem,
794 2113 1007 2163 quamquam
1021 2112 1142 2149 contra
1156 2111 1290 2157 maguis
1308 2106 1439 2143 animis

102 2175 304 2217 pugnatum
318 2165 380 2214 est,
398 2176 558 2203 attamen
574 2166 646 2215 ipse
657 2164 771 2214 plenis
776 2165 974 2214 suffragiis*
983 2163 1043 2201 vel
1059 2161 1326 2209 laudabiliffime
1340 2158 1435 2194 obti-

104 2228 189 2258 nuit.
199 2231 220 2257 5-
242 2227 349 2267 atque
362 2221 400 2256 in
411 2217 640 2267 poſjeffionem
655 2217 825 2265 immiffus
853 2216 965 2266 perse
973 2215 1128 2266 semper⁴
1143 2213 1298 2265 publice<
1312 2210 1440 2247 habuit

106 2272 156 2309 ad
170 2270 378 2319 Capitulum
392 2294 406 2313 ,
437 2273 480 2313 ὠ·
498 2270 673 2319 Populum
683 2271 1026 2317 Sacrae-Scripturae
1036 2268 1290 2309 lettionesssera
1307 2292 1328 2301 ..
1340 2263 1444 2298 Satis

106 2326 224 2374 igitur
245 2325 384 2371 peritus
402 2323 449 2371 est
467 2324 603 2361 Orator
616 2326 655 2359 in
670 2324 788 2359 Sacra
805 2321 995 2370 Theologia
1011 2345 1024 2365 ,
1051 2330 1158 2369 atque
1169 2317 1283 2368 perse
1299 2315 1448 2351 idonea!

108 2375 158 2413 a'd
170 2377 298 2412 Sacrae
309 2377 515 2423 Scripiurae
529 2375 692 2412 lefflones
700 2373 844 2422 publice
857 2375 1036 2411 habendas
1055 2401 1064 2410 .
1093 2373 1139 2410 Ei
1157 2374 1286 2419 igitur·
1294 2375 1447 2415 gran

108 2440 178 2466 non
193 2427 242 2476 est
254 2452 271 2473 ,.
295 2437 472 2476 quantum
503 2428 552 2464 ad
560 2429 734 2476 peritiam
749 2449 763 2470 ‚
789 2426 953 2464 lauream
970 2421 1198 2473 Dofforalem
1223 2425 1262 2458 in
1275 2421 1341 2456 hac
1371 2418 1450 2454 Sa—

109 2492 172 2517 cra
189 2479 373 2526 facultate
389 2480 460 2527 fibi
488 2488 726 2529 comparare„
744 2479 811 2517 At
837 2480 926 2516 cum.-
946 2481 994 2514 in
1014 2478 1179 2514 animum·
1191 2475 1233 2510 id
1255 2470 1449 2508 induxerit

100 2531 211 2579 suum
225 2555 240 2574 ‚
268 2542 310 2569 ut
321 2533 448 2569 utilior
469 2531 548 2580 suae
575 2530 737 2580 Ecolestae
752 2556 775 2576 ‚.
796 2540 968 2581 quantum
978 2528 1068 2575 fieri
1088 2529 1224 2577 poterit
1237 2551 1257 2571 ,ν
1276 2527 1319 2566 ⁶&
1333 2523 1450 2570 aptior

111 2584 161 2619 ad
169 2582 438 2629 inserviendum
466 2584 642 2634 Episcopa
659 2584 833 2621 evaderet
851 2606 876 2626 ‚vy
895 2580 1095 2628 consultius¹
1120 2579 1230 2617 duxit
1246 2600 1260 2620 ‚
1275 2574 1357 2626 fise
1385 2575 1451 2611 de-

113 2634 198 2671 dere
212 2639 321 2673 etiam
347 2635 584 2690 utriquejuri
603 2662 616 2680 ‚
644 2646 759 2685 atque:
780 2637 820 2672 in
833 2634 894 2684 isto
925 2633 1127 2682 Sapientiae
1155 2627 1453 2678 Archigymnafio

117 2684 276 2725 Romam·
305 2689 433 2729 laurea
447 2688 634 2728 Doaorali
652 2690 781 2726 donari
797 2716 807 2727 .
839 2687 933 2739 Q
959 2686 1078 2723 omnia
1106 2696 1236 2724 revera
1258 2685 1312 2719 ita
1344 2677 1453 2738 effe.)

1390 2743 1448 2767 vl*-
