1934 2954
1340 151 1389 190 ‘18

86 197 188 236 dum
203 200 343 248 agebat
357 205 507 236 annum
524 195 733 237 decimum
744 195 937 236 oaavum
951 220 965 242 ‚
997 195 1118 248 quam
1133 198 1240 238 circa
1255 164 1422 250 supple3

93 259 153 289 tas
169 250 438 290 coeremonias
455 261 550 288 curn
566 248 779 290 affistentia
797 248 964 289 Nicolai
981 274 994 294 ‚
1024 249 1168 301 quibus
1190 254 1424 299 praesentem

91 303 131 341 se
146 299 257 340 fuisse
287 301 421 341 asserit
438 331 447 340 .
480 301 572 340 Alii
603 314 700 342 vero
724 309 899 352 quatuor
930 302 1068 341 Testes
1096 327 1109 346 ‚
1135 313 1308 353 quorum
1338 305 1420 344 duo

92 353 229 392 Patrui
246 354 335 392 sunt
351 355 467 402 ipfius
484 354 707 393 Mariannae
724 380 734 399 ,
759 354 889 393 solum
914 353 964 394 de
982 353 1126 392 auditu
1144 355 1351 404 deponunt
1367 358 1418 400 ab

90 409 212 444 Anna
229 405 378 445 Raieka
397 432 409 452 ‚
441 407 479 446 Sc
494 407 680 447 Antonio
698 406 908 445 Sokolniki
939 406 1185 456 praecedenti
1214 420 1318 446 anno
1348 407 1424 447 de·-

90 455 230 496 func'to
244 483 256 503 ‚
285 471 406 509 quem
432 472 573 499 eorum
588 460 695 497 alter
712 457 838 497 refert
854 456 1083 502 narrasse,se
1097 459 1196 498 bene
1214 483 1227 503 ‚
1247 472 1327 498 non
1349 461 1420 499 ob-

85 510 212 549 stante
239 511 387 560 puerili
403 513 496 551 otfto
510 524 709 551 annorum
725 537 737 556 ‚
755 522 875 561 quam
890 513 1050 560 agebat,
1066 520 1203 554 astate,
1223 512 1420 557 hujusCQ

87 561 147 600 rei
165 564 370 602 recordari
387 590 398 610 ‚
427 577 474 604 ex
491 577 569 615 quo
595 564 645 602 ad
662 574 806 606 munus
823 563 980 602 Patrini
1002 563 1237 602 obeundum
1249 566 1295 602 ab
1309 563 1420 603 Avia
1440 586 1448 590 -·

88 613 315 654 Mariannae
359 616 536 665 impasto
570 616 723 655 cervici
742 615 971 662 compulsus
990 614 1070 653 fuit
1101 627 1234 665 pugno
1252 645 1261 653 .
1295 614 1421 655 Refe-

89 675 185 705 runt
201 668 372 708 ulterius
405 668 528 708 iidem
558 668 700 707 Patrui
729 667 951 706 Mariannae
969 694 981 713 ‚
1009 675 1105 706 ante
1136 669 1424 708 contrarium

91 720 409 760 matrimonium
424 731 557 760 ortam
570 720 684 760 fuiffe
700 719 955 771 quaestionem
972 720 1021 759 de
1038 720 1337 770 impedimento
1349 720 1424 769 spi-

91 772 255 811 ritualis
275 774 526 823 cognationis
545 800 557 819 ,
588 773 683 812 inde
700 783 770 820 per
786 771 1110 817 verificationem
1134 773 1422 822 praedit‘torum

93 823 343 873 diremptam
361 840 376 867 ,-
405 827 443 866 &
459 827 566 865 alter
584 837 727 866 eorum
744 824 927 865 exhibuit
942 826 1150 874 epistolam
1167 826 1334 864 Nicolai
1350 838 1423 865 an-

89 884 134 915 te
150 878 460 917 matrimonium
479 879 672 928 scriptam
692 904 704 922 ,
731 890 808 928 qua
834 876 915 925 ipse
940 877 1167 916 consulitur
1194 878 1310 928 super
1343 878 1423 916 cir—

90 930 338 969 cumstantiis
357 930 577 970 affistentiae
595 933 641 969 ab
660 931 804 970 eodem
822 929 1002 969 Nicolao
1018 930 1190 978 praestitae
1206 955 1218 975 ‚
1238 943 1335 969 num
1353 929 1424 968 ad-

86 980 236 1021 stiterit
253 982 458 1031 Baptismo
473 983 694 1022 Mariannae
712 1007 724 1026 ‚
740 982 806 1021 seu
823 982 959 1029 potius
972 982 1317 1031 >coeremoniarum
1333 981 1421 1031 sup·-

86 1033 301 1082 plemento
319 1061 330 1080 ‚
358 1035 569 1085 subditque
585 1061 597 1080 ‚
625 1036 706 1084 post
736 1035 918 1073 auditam
936 1034 1097 1072 Annam
1127 1035 1279 1074 Raieka
1297 1060 1309 1079 ‚
1339 1034 1421 1072 Ni-

87 1086 208 1124 colao
227 1086 466 1135 respondiffe
483 1111 496 1131 ‚
522 1088 624 1125 solas
653 1085 922 1126 coeremonias
952 1097 1044 1125 cum
1064 1087 1149 1132 ejus
1168 1085 1417 1126 affistentia„

88 1135 204 1177 fuisse
222 1139 425 1187 suppletas
443 1168 452 1178 .

34 1192 92 1234 Ex
108 1190 170 1229 his
197 1201 338 1230 autem
367 1190 491 1230 infert
523 1189 720 1230 Defensor
747 1188 969 1230 Mariannae
988 1216 1000 1235 ‚
1029 1191 1182 1230 nullam
1214 1191 1417 1233 verificari

87 1243 377 1291 cognationem
394 1244 649 1293 spiritualem
670 1255 760 1281 eam
779 1243 887 1286 inter
904 1269 916 1287 ‚
945 1244 982 1282 ὃς
1000 1243 1224 1282 Nicolaum
1242 1270 1254 1288 ,
1274 1245 1342 1295 qui
1357 1244 1419 1283 so·-

88 1295 175 1334 lum
197 1295 451 1335 affistentiam
469 1295 652 1345 praestitit
667 1318 679 1336 ‚
709 1294 805 1343 dum
818 1295 1077 1333 coeremoniae
1108 1296 1301 1345 suppletae
1328 1295 1420 1336 fue·-

90 1355 186 1386 runt
203 1371 215 1389 ‚
245 1348 325 1386 fine
342 1349 549 1387 ablutione
565 1359 675 1397 aquae
688 1360 703 1387 2·
732 1346 770 1387 S<
790 1346 827 1384 iu
844 1346 1113 1395 discrepantia
1132 1346 1420 1386 Testiumcon-

89 1398 225 1438 tendit
239 1425 251 1442 ,
281 1398 417 1447 potius
433 1398 701 1439 deferendum
725 1395 800 1437 esse
819 1398 900 1437 illis
918 1398 1161 1437 examinatis
1178 1399 1317 1448 vigore
1337 1399 1417 1439 Re-

85 1449 225 1497 scripti
241 1450 368 1490 Sacrae
385 1451 725 1501 Congregationis
741 1475 754 1493 ‚
784 1451 1080 1499 deponentibus
1097 1450 1148 1489 de
1165 1450 1414 1491 affistentissa

85 1514 109 1542 a
123 1500 299 1544 Nicolao
316 1503 483 1551 praestita
497 1530 509 1549 ‚
524 1505 621 1543 dum
637 1503 827 1552 suppletae
842 1501 1008 1545 fuerunt
1021 1504 1283 1552 ceremoniae,
1297 1506 1418 1553 quam

87 1553 181 1593 aliis
196 1555 436 1594 examinatis
453 1557 492 1594 in
508 1555 636 1605 prima
649 1555 834 1607 instantia
848 1581 861 1600 ‚
887 1556 1183 1604 deponentibus
1199 1556 1249 1595 de
1264 1556 1420 1603 Baptis-

86 1618 156 1646 mo
171 1618 216 1645 ex
232 1619 334 1658 aqua
348 1608 519 1653 servatis
537 1607 779 1658 ceremoniis
795 1608 1064 1652 collato‚cum
1084 1608 1296 1649 affistentia
1314 1609 1421 1655 ejus-

88 1657 184 1699 dem
205 1658 374 1705 Nicolai
389 1674 403 1700 2·
434 1662 527 1710 qu3a
543 1661 738 1700 nimirum
766 1660 908 1701 ultimi
924 1659 1062 1700 Testes
1089 1662 1223 1709 plures
1238 1661 1332 1699 sunt
1349 1674 1419 1700 nun

93 1722 210 1750 mero
228 1737 238 1757 ‚
265 1713 301 1752 5<
320 1712 667 1753 adminiculantur
698 1726 744 1753 ex
759 1711 924 1762 epistola
951 1722 1046 1752 ante
1076 1713 1418 1753 matrimonium..

93 1761 280 1810 scriptaa
294 1764 502 1804 Nicolao:
532 1766 600 1804 Illi
616 1778 713 1809 vero
733 1765 954 1805 examinati
984 1766 1027 1816 in
1041 1765 1171 1814 prima
1197 1766 1418 1804 instantia-2

94 1815 306 1864 pauciores
324 1817 413 1856 sunt
429 1842 441 1862 ‚
474 1818 754 1868 minoremque
768 1817 888 1856 fidem
916 1826 1128 1857 merentur
1142 1842 1155 1860 ‚
1185 1817 1332 1867 quippe
1348 1818 1420 1868 qui

96 1878 178 1905 uno
193 1878 364 1918 excepto
381 1895 393 1913 ‚
423 1870 573 1920 reliqui
605 1882 684 1909 non
701 1871 882 1919 allegant
900 1871 1058 1908 causam
1090 1869 1270 1916 scientiae
1290 1894 1302 1913 ‚
1330 1881 1423 1918 pro-

92 1918 303 1974 priamque
324 1921 516 1961 videntur
533 1922 654 1962 fateri
673 1922 973 1971 turpitudinem
989 1948 1002 1970 2
1020 1920 1219 1961 narrando
1235 1945 1248 1964 ‚
1264 1921 1301 1959 se
1319 1933 1420 1959 con-

94 1970 199 2026 scios
212 1970 327 2013 tuiffe
347 1973 636 2022 impedimenti
666 1973 889 2022 spiritualis
904 1973 1160 2024 cognationis
1177 1998 1190 2017 ,
1219 1972 1316 2010 dum
1344 1983 1419 2021 pua

90 2022 336 2066 blicationes
362 2035 433 2071 pro
452 2026 627 2067 ineundo
641 2025 907 2064 matrimonio
935 2024 1228 2075 peragebantur
1257 2036 1279 2062 a
1297 2023 1418 2062 Paro·-

90 2078 170 2112 cho
188 2098 201 2118 ‚
230 2076 268 2115 St
294 2076 561 2119 nihilominus
590 2077 759 2117 tacuisse
773 2102 790 2122 ‚
814 2076 1001 2126 nihilque
1031 2075 1311 2128 Superioribus
1340 2075 1417 2116 Ee·

85 2126 317 2166 clefiasticis
334 2129 526 2174 revelaffe
543 2159 553 2170 .

94 2210 101 2213 .
142 2177 331 2219 Pertinet
350 2180 491 2231 itaque
508 2181 556 2221 ad
572 2181 648 2221 EE.
668 2180 761 2222 VV.
778 2181 1027 2222 decernere:

33 2227 107 2272 (An
120 2232 250 2281 constet
264 2234 309 2271 de
323 2233 520 2273 validitate
536 2259 548 2280 ‚
569 2235 638 2284 seu
647 2237 764 2283 potius
789 2236 835 2274 de
849 2234 1019 2280 nullitate
1043 2234 1273 2275 Matrimonii
1293 2258 1307 2280 ,
1336 2236 1410 2271 ὶη..

85 2284 172 2334 casu
189 2287 267 2329 &c.

94 2462 97 2464 ·
141 2438 403 2486 Affirmative
419 2443 468 2484 ad
485 2446 659 2495 primam
673 2453 834 2497 partem
850 2470 866 2494 ‚
896 2446 1087 2498 negative
1101 2443 1151 2485 ad
1165 2440 1383 2486 secundam
1396 2470 1408 2489 ,

1238 2704 1413 2747 ἹῊΕΑ·
