1934 2954
52 198 231 243 praeteriti
261 223 270 233 .
315 193 368 232 Et
389 194 662 241 inopportune
693 193 815 237 objici
844 191 1101 233 contendunt
1130 204 1152 232 a
1188 160 1402 245 Religississ

61 246 279 286 hat-sedibus
297 244 579 294 praejudicium
596 246 830 284 Puellarum
847 243 967 283 Urbis
988 270 1000 288 ,
1028 252 1118 282 tum
1135 247 1229 295 quia
1248 249 1315 295 ipii
1333 262 1404 295 pa·-

65 311 151 337 rem
179 300 312 338 zelum
338 309 417 336 non
449 298 708 337 ostenderunt
726 324 740 342 ‚
773 296 933 347 quando
963 296 1247 341 reductionem
1279 301 1404 341 Subfiae

64 351 224 391 diorum
241 350 514 396 impetrarunt
535 375 547 393 ‚
575 351 676 389 licet
693 348 822 390 forsan
854 362 931 387 non
948 349 1171 391 deficerent
1199 351 1280 390 alia
1300 354 1401 390 bona

64 402 324 443 haereditaria
353 411 498 451 praeter
515 402 625 441 Loca
642 402 852 443 Montium
875 401 1195 440 demonstrative
1210 403 1404 452 assignata

64 465 137 503 pro
151 455 423 503 implemento
443 454 613 500 injunc‘ti
629 455 792 495 oneris:
822 463 910 495 tum
929 453 1090 502 insuper
1104 454 1197 503 quia
1212 466 1403 495 contem-

63 507 185 555 plat-e
216 519 294 545 non
314 506 404 549 sunt
422 507 572 546 Puellae
587 508 694 546 certi
711 507 871 556 generis
889 531 901 550 ‚
932 504 998 544 sed
1022 506 1227 555 Orphanae
1257 521 1401 549 omnes

66 559 202 602 Rom
221 571 242 597 a
260 559 521 609 quatriennio
535 568 838 602 commorantes
856 568 1056 597 vocantur
1071 585 1084 603 ,
1107 558 1331 599 dummodo
1348 563 1404 599 la-

63 613 207 652 borent
226 620 470 660 paupertate
489 637 501 655 ‚
531 624 608 663 qua
637 625 714 650 non
735 620 875 650 carent
898 610 1114 650 Oratrices
1145 612 1324 651 relative
1352 613 1402 651 ad

62 663 272 715 proprium
288 665 434 703 statum
450 690 462 708 ‚
495 665 601 704 itaut
619 664 752 711 petita
766 662 896 712 gratia
924 663 1088 702 facilius
1122 663 1404 714 indulgendam

65 717 282 761 videatur,
316 725 526 767 tamquam
540 717 643 755 nulli
666 715 953 766 praejudicialis
969 740 981 760 ,
1011 715 1058 754 ad
1078 717 1313 765 traditaper
1330 717 1407 754 Ro-

65 780 141 809 tam
155 773 192 807 in
209 770 388 816 decis.98.
408 783 548 818 num.4.
571 769 699 820 &serp
729 782 847 809 coram
864 769 1013 809 Duram.
1033 798 1041 813 ,
1073 768 1124 808 Et
1145 768 1405 812 controverti

66 833 147 860 non
162 819 267 869 polse
284 829 498 860 autumant
533 823 736 871 propriam
754 821 1046 870 cognationem
1063 833 1157 860 cum
1175 821 1406 866 Testatore,

64 883 213 923 utpote
240 873 533 918 ,canonizatam
563 886 667 912 anno
702 886 812 921 1735.
848 885 943 915 cum
974 872 1196 916 Catharina
1230 873 1362 913 Leoni
1393 903 1404 912 .

63 925 184 965 Circa
199 927 478 976 quantitatem
496 939 595 966 vero
613 939 797 976 congrua:
816 925 938 964 Dotis
957 950 971 969 ‚
999 926 1108 964 ultra
1133 925 1273 966 Testes
1291 927 1407 974 supe-

66 980 152 1018 rius
167 979 384 1021 recensitos
405 1005 416 1024 ‚
445 979 637 1020 exhibent
658 979 976 1017 Instrumentum
992 977 1146 1021 Dotale
1160 991 1298 1020 earum
1312 979 1407 1017 Ma-

65 1031 141 1073 tris
157 1056 170 1075 ‚
195 1043 280 1081 qux
302 1032 457 1074 Dotem
474 1029 652 1073 affecuta
669 1032 722 1072 est
736 1031 946 1073 scutorum
967 1043 1055 1073 250.
1074 1044 1088 1070 ,-
1116 1040 1240 1081 atque
1257 1044 1327 1080 pro
1342 1029 1404 1069 fa-

66 1082 203 1123 ciliori
222 1084 427 1123 solutione
457 1083 703 1133 quantitatis
720 1081 954 1132 assignanda:
970 1083 1170 1130 postulant
1191 1083 1259 1127 fibi
1273 1083 1423 1132 appli=.=>

71 1136 154 1179 cari
171 1135 299 1175 etiam
317 1136 496 1183 Subsidia
514 1134 772 1174 devolvenda
793 1164 802 1180 ,‚

80 1214 82 1216 v
121 1188 172 1227 Et
191 1188 283 1227 ideo
300 1189 574 1237 dignabuntur
596 1188 674 1226 EE.
693 1186 785 1226 VV.
804 1184 1027 1225 decernere
1464 1233 1466 1235 Ι

16 1244 90 1286 An
105 1244 154 1294 fit
179 1239 274 1278 locus
305 1241 434 1278 Dotali
462 1239 844 1288 affignamentofhvore
873 1241 1009 1276 Marie
1020 1238 1277 1287 Magdalenae‚
1307 1239 1401 1277 Gel-
1439 1238 1443 1240 ”

121 1294 243 1336 trudis
262 1319 274 1337 ‚
307 1293 569 1340 &Franciscae
591 1297 766 1331 Sororum
794 1291 839 1326 de
868 1293 993 1328 Coccia
1022 1304 1067 1328 ex
1084 1292 1259 1338 Subfidiz's
1281 1293 1401 1328 Ποῖα-ε

122 1347 214 1384 libus
229 1344 362 1383 relici‘is
383 1359 403 1381 a
418 1345 602 1385 hommem.
615 1345 772 1386 offam
793 1344 1065 1387 Mazzarocchi
1083 1367 1094 1388 ‚
1110 1346 1151 1387 ἔς·
1163 1346 1202 1380 in
1221 1343 1402 1395 (suasuram

123 1411 180 1439 ma
194 1423 207 1443 ‚
221 1402 260 1437 in
276 1398 359 1449 casu
376 1400 450 1445 &ct

80 1627 85 1631 ·
117 1610 381 1651 HEATINA
411 1610 785 1650 MATRIMONII
816 1642 826 1650 .
885 1612 1112 1658 Stephanus
1128 1610 1304 1649 Fantore
1328 1620 1402 1647 na·-
1426 1620 1720 1669 Sqss.24.can.2,

129 1672 195 1703 tus
214 1676 319 1704 anno
339 1677 450 1711 1703.
481 1664 519 1702 in
536 1664 723 1704 Civitate
738 1663 847 1704 Vasti
878 1663 1091 1703 Theatinae
1109 1663 1305 1702 Dioecefis
1320 1688 1331 1706 ,
1348 1661 1399 1700 ad
1424 1673 1469 1710 de
1483 1676 1589 1713 sacr,
1605 1678 1724 1715 Matr⁴⁷

65 1714 246 1755 Patriam
266 1742 279 1761 ‚
310 1717 415 1756 unde
448 1727 552 1754 anno
592 1731 705 1763 1707.
733 1715 963 1755 discefferat
982 1741 995 1760 ‚
1025 1716 1208 1755 reversus
1236 1716 1288 1754 est
1317 1714 1396 1754 de)

63 1768 201 1807 mense
218 1768 328 1818 Julio
345 1782 411 1815 173
424 1780 455 1812 5.
486 1767 546 1808 Ut
563 1778 704 1808 autem
717 1768 1033 1807 Matrimonium
1047 1768 1148 1808 inire
1163 1767 1288 1814 posset
1304 1779 1399 1804 cum

66 1821 248 1865 ejusdem
263 1821 459 1860 Civitatis
479 1820 621 1860 Puella
648 1820 892 1870 Magdalena
908 1821 958 1860 de
978 1820 1143 1869 Angelo
1161 1846 1174 1864 ‚
1193 1820 1316 1858 Sacrae
1334 1819 1400 1857 In-

66 1871 272 1923 quifitioni
288 1873 532 1922 supplicavit
563 1884 635 1920 pro
661 1873 960 1915 dispensatione
989 1874 1036 1910 ab
1064 1872 1231 1912 edendis
1263 1873 1401 1920 proba·-

67 1924 245 1963 tionibus
277 1926 415 1964 Status
432 1925 551 1965 liberi
576 1938 622 1965 ex
637 1925 761 1965 variis
779 1925 1009 1964 Galliarum
1026 1950 1038 1968 ‚
1071 1923 1298 1963 Alemanix
1318 1949 1330 1967 ‚
1361 1925 1399 1962 ὃς

65 1975 319 2016 Lombardiae
337 1977 582 2027 Regionibus
597 2002 609 2020 ‚
640 1989 736 2029 quas
755 1977 905 2026 viginti
920 1978 1032 2016 annis
1052 1974 1273 2025 peragrasse
1303 1973 1404 2012 affe-

66 2027 180 2066 rebat
210 2028 431 2068 inserviens
460 2030 595 2078 Regiis
612 2030 754 2077 Copiis
783 2030 820 2067 in
839 2039 928 2068 arte
957 2029 1198 2076 chirurgica
1232 2056 1241 2064 .
1284 2025 1402 2064 Datae

64 2077 235 2119 fuerunt
248 2082 451 2120 consueta:
473 2081 621 2121 Literae
640 2080 896 2120 facultativae
925 2080 973 2118 ad
1004 2078 1403 2126 Archiepiscopum

66 2129 321 2171 Theatinum
338 2146 354 2173 ‚·
384 2135 422 2172 ὃς
452 2133 678 2181 Stephanus
709 2132 894 2171 exhibuit
915 2132 1036 2170 fidem
1056 2130 1317 2178 Baptismatis
1334 2155 1347 2173 ,
1363 2130 1402 2169 ὃς

68 2183 170 2222 duos
189 2184 327 2224 Testes
349 2184 603 2233 deponentes
617 2183 827 2222 discessum
845 2209 857 2226 ‚
888 2184 925 2223 ὃς
942 2183 1124 2222 reditum
1137 2207 1150 2226 ‚
1181 2191 1226 2221 ut
1255 2184 1368 2231 supra
1386 2195 1402 2221 ,-

65 2233 149 2282 ipse
166 2238 266 2275 vero
284 2261 297 2280 ‚
316 2237 476 2275 narrata
495 2236 601 2273 dicta
620 2236 948 2285 peregrinatione
966 2261 979 2280 ‚
1007 2235 1268 2281 ›urejurando
1291 2233 1400 2273 affir-

63 2289 196 2327 mavit
214 2289 328 2328 suum
346 2290 508 2327 Statum
526 2288 702 2326 liberum
720 2318 729 2326 .
761 2287 901 2335 Qare
919 2314 930 2332 ‚
948 2287 1152 2334 praemiffis
1174 2286 1400 2326 denuncia-

0 2377 1 2384 ,
61 2339 260 2385 tionibus,
274 2340 324 2381 de
339 2340 511 2379 licentia
529 2339 662 2378 Curiae
681 2340 1056 2388 Archiepiscopalis
1076 2339 1407 2379 Matrimonium·

0 2396 1 2399 ’
64 2391 315 2433 celebratum
334 2394 387 2432 est
405 2393 524 2431 illum
542 2391 651 2431 inter
668 2418 682 2437 ,
703 2394 740 2433 ἃς
757 2391 1050 2441 Magdaienam
1069 2392 1118 2432 de
1134 2391 1299 2442 Angelo
1329 2389 1397 2429 die

71 2443 306 2494 18.Augusti
326 2459 394 2492 173
406 2457 438 2489 5.

10 2491 176 2534 Annum
189 2522 202 2541 ‚
218 2498 256 2537 Sc
269 2498 376 2537 ultra
395 2497 498 2537 vixit
517 2499 747 2547 Stephanus
774 2499 813 2537 in
830 2498 1013 2538 maritali
1040 2496 1245 2536 consortio
1274 2506 1395 2534 cum„

65 2544 322 2603 Magdalena,
342 2550 576 2600 Filiumque
591 2550 736 2599 genuit
752 2579 762 2588 .
793 2549 933 2599 Qum
950 2551 1050 2588 vero
1068 2551 1148 2597 post
1159 2560 1309 2588 annum
1327 2548 1398 2586 ad-

67 2596 268 2639 venissent
287 2602 326 2640 in
342 2602 576 2642 Civitatem
594 2603 707 2642 Vasti
734 2602 955 2640 Catharina
972 2602 1012 2640 di
1030 2601 1198 2651 Maggio
1214 2600 1398 2649 Siponti-

66 2659 117 2688 Μ
132 2675 146 2695 ³
177 2651 340 2702 ejusque
355 2655 431 2694 Vir
456 2654 666 2703 januarius
684 2654 935 2702 Spadaccino
950 2681 963 2699 ,
993 2654 1245 2702 Stephanum
1259 2652 1398 2691 forte)

57 2712 358 2748 occurrentem
383 2707 612 2748 salutarunt
628 2731 643 2752 ,
669 2706 790 2758 eique
821 2707 1091 2797 {probarunt
1118 2705 1396 2797 desertiogem

82 2784 91 2789 ,
116 2783 120 2788 ⁴
1330 2768 1395 2797 xo-
