1934 2954
66 184 131 211 ma
148 179 289 210 tamen
310 167 552 208 eorumdem
569 167 857 217 Capitulorum
871 166 1061 206 oratione
1079 165 1312 206 declaratur
1329 194 1342 213 ‚
1362 131 1417 207 ἓξ

66 219 173 263 fafta
190 221 266 263 csse
283 247 296 265 ‚
329 235 351 257 a
377 220 547 266 beneficio
575 220 670 260 delle
691 229 825 270 pavere
841 217 985 258 Zitelle
1016 219 1208 268 d'vsigni.
1241 219 1413 269 Quum

70 287 211 315 tamen
225 272 368 314 eadem
385 272 580 322 Capitula
595 284 674 313 non
691 270 819 312 essent
833 271 1057 318 subscripta
1074 281 1094 309 a
1114 267 1258 309 Sisinio
1274 285 1289 311 ‚·
1311 272 1415 311 Pau—

67 330 136 369 lus
150 326 239 367 Poli
255 324 460 365 mediatus
475 328 605 366 haeres
616 323 846 365 Cardinalis
865 323 1035 362 illorum
1052 322 1411 362 confirmationem

67 376 289 432 postulavit
321 378 370 416 ab
384 380 462 418 hac
480 378 600 420 Sacra
613 376 947 428 Congregatione
962 402 975 422 ,
1010 375 1077 415 cui
1096 374 1282 415 exhibuit
1303 377 1415 415 inte-

68 443 189 483 grum
202 430 371 469 illorum
387 439 579 471 tenorem
593 441 688 470 cum
715 428 979 480 suprarelatis
996 427 1128 468 verbis
1144 452 1159 473 ‚
1190 427 1229 467 Sc
1257 427 1299 466 in
1322 439 1417 477 pre-

70 484 183 523 cibus
198 490 298 522 tunc
313 484 515 531 porrectis
533 485 627 524 loco
642 482 853 534 particulae
870 479 1128 527 disjunstivae
1145 495 1172 517 =
1185 494 1202 517 o
1219 496 1247 516 =
1265 506 1278 525 ,
1308 480 1413 530 legi-

69 543 141 578 tur
154 534 358 584 particula
374 537 637 583 conjunctiva
655 548 685 571 =
710 549 730 575 e
743 549 772 574 ε
801 537 876 573 cive
887 535 952 574 che
970 534 1072 584 stano
1087 537 1214 571 native
1227 533 1413 582 d'vfigni,

70 601 95 628 e
106 587 263 638 Figliote
276 589 317 626 di
335 590 460 628 Padre
474 614 489 635 ,
515 603 537 629 e
549 590 687 630 Madre
700 614 715 634 ‚
741 590 806 627 ebe
820 588 971 626 abbiano
982 588 1140 625 abbitato
1162 595 1227 636 per
1243 585 1275 623 lo
1282 586 1414 635 spazjo

71 641 117 679 di
129 650 200 679 otto
214 643 303 679 anm·
322 645 360 679 in
372 644 475 682 detta
493 645 606 683 Terra
621 654 650 680 :·.·
663 671 674 682 .
693 640 780 681 1³0st
792 639 922 681 semel
941 666 953 686 ,
971 640 1206 690 iterumque
1221 638 1413 677 auditum

69 692 318 751 Episcopum
338 718 351 738 ‚
367 695 497 735 relata
513 693 596 736 fuit
611 694 797 735 instantia
809 705 881 743 per
898 691 1115 732 summal‘ia
1129 703 1297 741 precum
1313 714 1326 734 ‚
1357 691 1415 729 le-

74 746 231 796 &isque
244 745 453 794 Capitulis
470 747 599 789 latine
614 746 981 797 redditis‚quorum
997 745 1174 793 primum
1188 744 1237 783 fic
1256 743 1413 782 habet:

75 798 190 849 Qd
208 798 347 840 Puella·
360 801 536 849 eligendae
556 802 632 851 stnt
648 810 734 839 οντα
759 803 798 838 in
815 800 925 837 Terra
943 800 1067 849 ‘Dfigni
1091 810 1137 836 ex
1155 797 1414 838 Genitoribux,

75 855 141 903 qui
166 859 231 899 per
244 853 313 890 0510
327 866 434 890 annor
453 855 704 893 habitaverint
739 856 779 891 in
808 853 934 890 eadem
952 853 1065 890 'Terra
1080 867 1107 888 z:
1123 874 1136 894 ‚
1167 850 1287 889 Sacra
1302 847 1414 887 Con-

74 903 264 954 gregatio
277 903 346 945 die
364 919 424 946 10.
443 905 601 955 Aprilis
625 919 736 951 1723.
762 905 932 944 illorum
948 902 1284 954 approbationem
1301 912 1416 938 com-

73 955 185 1014 misit
201 955 416 1007 Episcopo,
429 961 524 1006 utin
538 959 893 1008 lib.73.Decr.pag.1
905 969 983 1001 50.‚
998 957 1036 997 Sc
1054 955 1272 1005 Episcopus
1291 951 1357 992 die
1374 966 1415 999 7.

75 1007 181 1054 Maii
200 1007 381 1055 ejusdem
398 1011 520 1057 anni,
555 1010 767 1060 praefatum
787 1010 1029 1060 Capitulum
1047 1033 1062 1052 ‚
1092 1018 1138 1047 ut
1153 1008 1267 1054 supra
1285 1004 1417 1044 latine

78 1060 292 1101 redditum
309 1073 331 1102 a
347 1063 435 1102 Sac.
452 1061 783 1113 Congregatioue
797 1060 1066 1101 transmissum
1082 1057 1321 1109 approbavit
1339 1087 1349 1096 .

28 1113 171 1165 Nuper
189 1122 330 1153 autem
347 1114 552 1154 Parochus
569 1114 697 1154 Castri
713 1114 852 1154 Usmei
868 1137 882 1157 ‚
910 1113 961 1152 ad
976 1124 1096 1162 quem
1123 1111 1276 1158 spestat
1292 1108 1415 1148 Puel-

80 1168 215 1207 larum
231 1166 410 1210 deuio,
439 1166 481 1205 in
515 1162 628 1206 Urna
652 1166 788 1213 posuit
814 1163 979 1205 nomina
1004 1164 1240 1204 Puellarum
1258 1161 1420 1205 Mariae,

81 1221 123 1261 Sc
140 1218 278 1258 Luciae
305 1218 422 1267 Gugc
440 1242 453 1261 ‚
481 1231 564 1269 quae
598 1220 621 1258 ὲ
648 1218 768 1258 Patre
782 1217 1093 1258 Mediolanense
1123 1224 1228 1254 nat-”c
1255 1213 1345 1253 sunt
1378 1213 1423 1251 in

81 1270 346 1313 contermino
360 1270 495 1309 Castro
514 1270 632 1310 Podii
648 1271 806 1309 Domus
822 1293 836 1314 ‚
854 1271 892 1310 Sc
911 1271 958 1308 ab
974 1268 1146 1307 infautia
1160 1276 1423 1306 commoran-

81 1334 154 1365 tur
183 1323 222 1362 in
236 1321 370 1361 Castro
388 1321 523 1362 Ufinei
539 1352 548 1361 .
581 1323 872 1361 Reclamarunt
903 1322 953 1360 ad
980 1323 1082 1359 hanc
1116 1320 1280 1358 Sacram
1311 1317 1423 1356 Con·

82 1375 370 1427 gregationem
385 1375 587 1415 Homines
601 1374 739 1414 Usmei
754 1388 770 1414 ‚-
803 1375 843 1413 &
860 1373 966 1412 datis
987 1372 1037 1411 de
1055 1384 1171 1410 more
1187 1369 1342 1411 Literis
1369 1368 1429 1408 ad'

81 1428 333 1474 Episcopum
352 1451 365 1471 ,
397 1438 534 1466 coram
552 1426 699 1467 eodem
728 1427 798 1466 sua
814 1428 904 1472 jura
919 1424 1086 1476 quisque
1103 1421 1273 1462 deduxit
1289 1445 1303 1464 ‚
1334 1433 1422 1472 quae

82 1479 304 1530 Episcopus
337 1491 430 1520 cum
458 1479 526 1519 sua
552 1478 757 1520 relatione
782 1480 831 1518 ad
863 1479 1023 1517 Sacram
1044 1474 1424 1525 Congregationem

83 1531 303 1573 transmisit
318 1563 329 1572 .
359 1531 488 1572 Causa
518 1543 622 1572 nunc
639 1532 906 1581 proponiturs
933 1531 973 1570 Sc
1003 1530 1168 1568 nomine
1185 1527 1422 1566 Puellarum

82 1585 203 1634 Guge
218 1609 232 1627 ‚
261 1594 305 1624 ut
334 1585 440 1626 mihi
456 1584 696 1637 supponitur
711 1610 726 1631 ,
757 1584 871 1627 nulla
898 1580 1106 1632 parabitur
1130 1579 1309 1620 defensio
1330 1605 1343 1624 ,
1371 1580 1425 1617 oh

88 1637 269 1685 inopiam
285 1661 299 1681 ‚
319 1651 396 1689 qua
415 1648 679 1686 premuntur.

33 1686 82 1725 In
97 1690 256 1741 Juribus
282 1700 424 1731 autem
441 1692 627 1735 deductis
656 1706 794 1735 coram
811 1693 1009 1742 Episcopo
1025 1716 1037 1736 ‚
1069 1685 1338 1742 contenditur
1365 1681 1422 1742 fa-²

86 1756 192 1783 vore
205 1743 442 1783 carumdem
461 1744 699 1786 Puellarum
715 1747 849 1797 Guge,
866 1746 1179 1786 Testamentum
1193 1737 1426 1779 Cardiualis

86 1795 181 1835 Poli
199 1822 213 1841 ,
238 1795 424 1836 vocando
438 1812 510 1836 una
525 1799 672 1838 Zitella
696 1801 737 1837 di
752 1801 876 1850 vstgm'
891 1824 904 1843 ‚
931 1809 1009 1837 non
1025 1793 1243 1836 excludere
1263 1789 1426 1829 Puellas

91 1856 250 1888 exteras
267 1874 282 1893 ‚
315 1860 403 1899 quae
417 1850 545 1900 longo
557 1860 749 1902 tempore
762 1861 931 1891 moratae
950 1851 1024 1888 fint
1049 1847 1089 1886 in
1107 1846 1254 1886 eodem
1267 1841 1424 1884 Castro,

88 1902 213 1950 quum
237 1900 400 1941 ratione
415 1901 622 1943 domicilii
656 1903 697 1942 in
712 1904 853 1955 aliquo
880 1904 973 1942 loco
1001 1898 1156 1939 retenti
1182 1908 1265 1953 per·
1284 1895 1429 1933 decem

87 1964 215 1993 annos
231 1953 466 2003 acquiratur
479 1955 666 2000 ejusdem
683 1956 766 1996 loci
783 1955 966 1997 civilitas
984 1983 993 1992 .
1026 1953 1076 1991 Et
1094 1964 1144 1990 eo
1158 1959 1289 1997 magis
1312 1971 1325 1990 a
1340 1946 1430 1984 sub·

89 2003 502 2049 ‹litui-‚admittendas
532 2008 609 2047 esse
627 2008 757 2048 dietas
772 2008 934 2048 Puellas
949 2032 964 2052 ‚
1019 2017 1078 2043 uae
1094 2001 1243 2040 ibidem
1262 2005 1431 2036 morata:

88 2057 182 2097 sunt
201 2056 309 2096 ultra
326 2057 474 2117 decpm
503 2072 628 2099 annos
643 2074 659 2101 ,-
689 2059 786 2110 quia
804 2060 969 2099 Sifinius
1026 2055 1115 2098 oli,
1144 2064 1191 2092 ex
1219 2050 1426 2106 facultate

86 2109 159 2147 fibi
171 2121 194 2148 a
214 2108 425 2148 Testatore
440 2110 594 2151 tributa
608 2138 622 2157 ‚
654 2112 695 2150 in
713 2111 920 2160 Capitulis
937 2104 1183 2148 alternative
1199 2102 1433 2152 praescr1plit

89 2159 341 2212 qualitatem
354 2161 524 2210 originis
543 2189 554 2207 ‚
580 2171 654 2203 aut
668 2162 901 2206 domicilii,
933 2164 1007 2201 εἱοὲ
1020 2185 1033 2204 ,
1050 2159 1113 2196 che
1127 2158 1227 2206 fiano
1244 2157 1369 2192 native
1385 2154 1425 2189 di

86 2214 215 2263 vfigm’
230 2237 244 2258 ‚
271 2226 291 2250 o
303 2213 485 2262 Figliuole
500 2216 542 2252 di
560 2217 686 2253 padre
701 2239 712 2258 ‚
730 2229 750 2253 e
762 2215 899 2253 Madre
914 2239 927 2258 ,
943 2215 1007 2252 che
1025 2212 1176 2248 abbiano
1193 2210 1351 2247 abbiano
1361 2215 1426 2254 per

88 2265 123 2303 10
131 2266 266 2315 spazio
281 2267 322 2303 di
338 2275 408 2303 otto
427 2271 519 2304 anni
533 2271 571 2304 in
587 2269 710 2317 vfigm'
720 2286 735 2307 A

35 2318 133 2362 Nec
150 2318 788 2365 obstare‚contenditur‚ejusdem
798 2317 986 2366 Capituli
1006 2316 1180 2355 latinum
1199 2319 1438 2351 contextum

79 2370 368 2410 confirmatum
385 2372 434 2408 ab
447 2373 521 2410 hac
539 2369 1022 2421 SacssCongregationcsin
1041 2380 1120 2419 quo
1136 2366 1265 2405 solum
1282 2362 1435 2402 admit-

77 2423 186 2463 titur
201 2422 377 2474 qualitas
391 2423 560 2472 originis
580 2423 892 2464 inTerraUssuei
907 2435 952 2461 ex
965 2420 1349 2468 Genitoribus,quiper
1363 2416 1434 2450 0530

87 2489 197 2514 annos
211 2477 460 2514 habitaverint
472 2479 510 2513 in
523 2478 648 2514 eadem
663 2478 776 2514 Terra
788 2490 803 2516 5
819 2488 869 2525 qu
879 2475 915 2513 ia
929 2471 1196 2523 praetenditur
1213 2493 1227 2512 ‚
1258 2477 1438 2506 errorem

86 2527 280 2567 verfionis
307 2527 573 2576 praejudicare
588 2527 812 2579 nequiviffe
829 2525 987 2565 Puellis
999 2520 1283 2562 domiciliariis
1303 2533 1317 2559 ‚·
1341 2531 1440 2567 pra-u

87 2580 372 2631 sertim,quum
390 2579 593 2620 exhibitus
612 2579 743 2619 fuerit
757 2579 884 2617 Sacrae
899 2573 1219 2626 congregationi
1231 2580 1347 2611 tenor
1363 2570 1436 2608 Ca-

85 2632 316 2680 pitulorum
333 2644 431 2672 cum
444 2633 634 2680 praedifta
651 2631 834 2671 dictione
852 2627 1115 2669 alternativa:
1129 2640 1146 2664 o
1160 2624 1315 2675 Figliole
1333 2626 1407 2667 &a
1423 2650 1437 2667 ,

84 2684 196 2724 itaut
225 2683 480 2734 approbatio
519 2697 601 2727 non
625 2683 677 2726 ad
702 2682 880 2774 praedquffl
907 2679 1094 2730 Capituli
1123 2677 1249 2719 latine
1282 2675 1435 2716 redditi

896 2748 917 2774 2
1335 2739 1434 2766 COD*
