1934 2954
535 166 557 190 2
566 165 579 189 1
591 164 610 188 2

532 202 656 243 distis
675 225 688 246 ‚
715 213 761 241 ae
776 201 920 253 Joanni
939 199 1088 241 Nunez
1117 200 1197 241 suis
1230 200 1492 241 Consobrinis
1512 212 1523 239 ε
1551 203 1641 240 tum
1671 200 1841 252 Gaspari
1866 230 1880 250 ,

535 254 750 313 Francisco
767 280 781 301 ‚
809 255 848 294 &
866 252 1030 297 Didaco
1045 255 1182 305 Payva
1203 280 1215 300 ,
1247 266 1317 294 eos
1353 254 1563 306 appellans
1594 255 1685 294 suos
1701 253 1883 296 Consan-

567 319 708 348 umeos
727 336 738 347 .
1715 334 1717 337 ι

482 322 591 403 Etgin
604 360 670 400 die
684 358 890 401 Paschatis
911 358 1146 409 Epiphaniae
1161 385 1174 404 ‚
1206 368 1275 401 ant
1296 358 1399 400 infra
1411 360 1602 406 octavam
1617 386 1630 406 ‚
1645 360 1757 406 juffit
1774 387 1786 407 ‚
1814 372 1882 399 ce—

529 413 686 455 lebrari
703 412 744 453 in
762 421 1010 462 perpetuum
1025 410 1190 452 Miffam
1208 414 1432 454 solemnem
1460 413 1501 453 in
1529 413 1880 463 suffragiumssAni-

528 478 609 506 mae
626 466 703 506 suae
719 491 734 512 ,
763 466 1011 518 suorumque
1031 466 1238 512 Majorum
1271 466 1310 507 in
1342 466 1521 506 Ecclesia
1546 466 1682 505 Sanffl
1696 465 1879 506 Antonii

531 518 739 559 Nationis-
760 517 1050 559 Lufitanorum
1077 519 1128 558 de
1161 518 1271 559 Urbe
1284 533 1299 560 ,-
1327 518 1560 570 eademque
1591 517 1658 558 die
1691 517 1878 558 distribui

531 572 673 612 voluit
686 571 798 621 prius
816 571 881 611 sex
896 596 910 617 ‚
939 571 1088 612 deinde
1106 574 1188 622 post
1206 573 1369 612 obitum
1402 572 1564 612 suarum
1581 570 1775 611 Sororum
1803 571 1879 611 de-

531 636 628 669 cem
642 624 775 664 Dotes
790 628 805 671 (
821 625 1051 675 quamlibet
1068 626 1279 665 scutorum
1296 639 1359 668 30.
1378 650 1391 670 ‚
1423 633 1572 673 praeter
1587 623 1669 662 alia
1681 623 1876 668 scutor.5.

528 689 605 727 pro
622 678 772 722 Veste)
802 677 981 718 totidem
999 677 1155 718 Puellis
1170 678 1278 717 sorte
1295 676 1562 718 extrahendis
1579 688 1626 715 ex
1641 674 1771 720 Urna,
1789 689 1877 728 quae

530 737 776 778 tenerentur
792 730 992 778 praedit‘tae
1006 730 1133 770 Miffae
1149 731 1321 771 solemni
1338 730 1530 770 interesse
1548 753 1561 773 ‚
1579 729 1619 768 ὃς
1633 729 1795 777 sumpta
1813 730 1881 768 Sa·-
1900 774 1904 776 μ

530 795 604 823 cra
619 782 771 832 Synaxi
784 794 900 823 orare
917 796 989 835 pro
1003 783 1155 824 Anima
1170 783 1289 835 ipfius
1306 783 1532 824 Testatoris
1547 807 1561 828 ,
1587 781 1760 832 ejusque
1778 781 1876 821 Ma-

531 846 669 881 ,orum
683 863 694 875 .

480 885 656 929 Modum
671 893 813 927 autem
825 886 1121 929 distributionis
1147 889 1404 938 praescribens
1419 913 1435 933 ‚
1450 882 1623 933 'adjecit
1652 902 1680 924 ,τ
1709 886 1744 923 Ε
1759 887 1877 938 queste

532 941 631 977 dieci
645 941 737 978 Doti
752 963 765 984 ‚
783 953 879 978 come
883 941 996 991 sopra
1012 944 1064 993 ,fi
1078 944 1238 980 duranno
1253 943 1465 990 da’Signort'
1483 943 1666 990 Deputati
1683 940 1782 978 della
1800 942 1875 979 Re-

524 995 594 1042 gia
609 993 738 1041 Chiesa
760 994 800 1029 di
814 995 862 1031 S.
879 995 1051 1032 Antonio
1065 996 1336 1044 de'Portoghefi
1360 996 1400 1031 di
1418 994 1533 1031 Roma
1549 1019 1562 1038 ‚
1590 1003 1690 1030 tanto
1713 1001 1781 1042 per
1793 1006 1874 1030 ma·-

529 1047 628 1081 ritar
640 1060 652 1080 t
669 1068 682 1088 ‚
712 1055 846 1094 quanto
856 1055 924 1094 per
934 1048 1127 1096 monacarst
1141 1060 1156 1087 5
1183 1048 1406 1096 procurando
1423 1070 1436 1089 ‚
1462 1048 1526 1084 che
1532 1046 1632 1096 siano
1650 1045 1808 1094 proviste
1835 1045 1873 1083 le

529 1095 670 1134 Zitelle
680 1099 746 1146 pit>
758 1106 892 1146 povere
906 1121 919 1142 ,
952 1100 1000 1135 ed
1015 1109 1159 1138 onorate
1176 1109 1276 1137 tanto
1295 1097 1457 1137 Romane
1476 1122 1489 1141 ‚
1505 1108 1635 1149 quanto
1650 1096 1871 1146 Forastiere‚

528 1150 594 1188 che
597 1150 632 1197 st
646 1158 867 1194 trovaranno
895 1151 1046 1201 efistenti
1063 1175 1076 1196 ‚
1106 1153 1153 1189 ed
1166 1153 1325 1190 abitanti
1352 1156 1390 1188 in
1399 1153 1514 1190 Roma
1531 1176 1544 1195 ,
1576 1150 1786 1199 estraeudofi
1804 1160 1873 1199 per

526 1201 673 1249 Buffolo
700 1206 716 1238 i
731 1206 827 1241 nomi
843 1203 939 1241 delle
954 1205 1050 1243 dicei
1063 1204 1205 1243 Zttelle
1231 1219 1280 1243 un
1296 1205 1388 1251 mel?
1410 1207 1531 1253 prima
1562 1201 1625 1239 del
1630 1204 1758 1250 giorno
1778 1201 1869 1240 dell·

526 1254 704 1303 Epifania
719 1280 732 1301 ,
767 1268 786 1292 o
813 1269 909 1294 come
921 1257 1052 1305 meglio
1079 1260 1210 1306 pareri
1235 1257 1302 1295 alli
1331 1260 1486 1305 Signorj
1501 1257 1686 1304 Deputan·
1716 1268 1744 1290 τ.
1771 1267 1788 1296 5
1817 1253 1874 1293 Et

525 1308 674 1346 statum
690 1320 770 1346 non
787 1309 1038 1358 eligentibus
1050 1309 1172 1348 dictis
1189 1309 1347 1349 Puellis
1365 1307 1472 1348 infra
1487 1306 1735 1348 decennium
1755 1332 1769 1352 ,
1784 1307 1876 1346 cui-

525 1358 634 1398 libet
646 1360 756 1398 tradi
769 1361 1290 1411 praecepiteleemosynam
1304 1363 1405 1403 scut.
1416 1376 1492 1407 10.‚
1509 1362 1548 1401 &
1563 1359 1770 1400 residuum
1785 1359 1874 1399 Do-

527 1410 584 1450 tis
599 1410 693 1449 aliis
713 1411 1030 1454 distribuimodo
1048 1413 1247 1462 praemisso
1260 1443 1275 1454 .
1791 1456 1794 1459 ,

477 1463 646 1511 Dudum
661 1472 804 1503 autem
821 1464 1023 1506 defuntus
1041 1464 1264 1507 Testatoris
1289 1465 1502 1506 Sororibus
1520 1489 1534 1509 ‚
1561 1464 1708 1504 decem
1737 1464 1873 1503 Dotes

527 1528 635 1556 nunc
648 1515 944 1557 distribuuntur
961 1524 975 1562 ‚'
1002 1520 1115 1565 juxta
1131 1516 1367 1567 praemiffam
1381 1518 1686 1567 dispositionem
1701 1546 1710 1556 .
1729 1515 1870 1565 Qare

527 1569 680 1618 Gaspar
695 1567 835 1618 Payva
850 1569 1064 1611 Lusitanus
1081 1572 1121 1611 in
1139 1571 1247 1612 Urbe
1265 1571 1418 1621 degens
1435 1597 1447 1616 ‚
1462 1577 1658 1620 gravatus
1677 1580 1873 1609 numero-

527 1622 568 1660 sa
583 1620 720 1667 sobole
737 1622 915 1672 quinque
930 1623 1128 1664 filiarum
1144 1650 1158 1670 ‚
1186 1633 1334 1674 praeter
1360 1633 1445 1662 tres
1476 1621 1678 1662 masculos
1693 1646 1705 1665 ‚
1737 1620 1875 1670 preci-

525 1673 600 1712 bus
628 1673 1024 1717 SANCTISSIMO
1052 1678 1202 1717 oblatis
1216 1704 1229 1721 ‚
1258 1689 1344 1727 quae
1370 1676 1419 1714 ad
1438 1678 1539 1714 hanc
1571 1675 1737 1713 Sacram
1761 1674 1868 1713 Con*

524 1725 814 1776 gregationem
829 1726 995 1768 remiss-x.
1011 1730 1100 1770 sunt
1117 1754 1131 1774 ‚
1159 1729 1379 1772 postulavit
1392 1755 1405 1772 ‚
1438 1737 1484 1767 ut
1502 1727 1662 1766 ratione
1685 1727 1760 1765 suae
1776 1737 1871 1774 pau-

523 1778 702 1828 pertatis
719 1804 732 1823 ,
747 1778 788 1824 ,Sc
805 1779 1075 1829 Cognationis
1094 1794 1186 1821 cum
1204 1782 1272 1831 pio
1287 1781 1526 1825 Testatore,
1541 1779 1731 1819 cumulus
1748 1778 1873 1818 fieret

528 1841 576 1869 ex
591 1831 792 1879 praedistis
811 1832 1001 1874 Subfidiis
1019 1847 1091 1884 pro
1105 1836 1215 1874 Dote
1231 1834 1437 1882 spirituali
1454 1834 1603 1873 scutor.
1625 1846 1742 1872 1000.
1775 1842 1869 1870 con·-

522 1882 726 1922 stituenda
742 1884 917 1924 cuilibet
940 1899 986 1928 ex
1004 1888 1132 1927 tribus
1148 1887 1228 1927 suis
1245 1887 1424 1926 Filiabus
1439 1912 1452 1931 ‚
1479 1899 1564 1937 quae
1579 1886 1809 1924 educantur
1826 1882 1870 1921 in

523 1934 777 1975 Monasterio
793 1936 830 1976 S.
846 1936 1024 1977 Caeciliae
1040 1939 1162 1979 Urbis
1177 1966 1190 1985 ,
1206 1940 1342 1990 ibique
1358 1952 1381 1979 a
1396 1938 1652 1978 Monialibus
1667 1936 1872 1976 admitte-

527 1995 671 2026 rentur
685 1988 734 2027 ad
747 1989 950 2029 Habitum
963 2017 976 2036 ‚
1008 2000 1054 2032 ut
1070 1993 1239 2032 testatur
1252 1988 1459 2031 Abbatiffa
1474 2016 1488 2036 ,
1515 2000 1718 2042 quatenus
1745 1989 1870 2030 habe-

526 2048 621 2079 rent
638 2038 902 2081 necessariam
919 2042 1074 2083 Dotem
1092 2074 1101 2083 .
1118 2045 1298 2094 Rogatus
1313 2043 1395 2084 fuit
1413 2042 1768 2083 Eminentiffimus
1785 2041 1868 2081 DO-

523 2092 662 2130 minus
678 2092 910 2133 Cardinalis
925 2094 1138 2135 Proteustor
1158 2097 1345 2136 Ecclefiae
1364 2096 1403 2136 S.
1422 2095 1623 2140 Antonii,
1641 2103 1688 2135 ut
1702 2095 1868 2135 Sacram

525 2143 907 2202 (Jongregationem
926 2148 1156 2188 instructam
1172 2149 1365 2189 redderet
1381 2175 1394 2194 ‚
1408 2149 1619 2199 animique
1633 2147 1694 2187 sui
1710 2147 1868 2187 senten-

524 2203 632 2236 tiam
646 2207 826 2246 aperiret
842 2212 858 2238 ‚·
887 2199 956 2249 qui
972 2224 985 2244 ‚
1002 2200 1156 2241 auditis
1170 2201 1394 2251 Deputatis
1407 2226 1420 2247 ,
1451 2202 1600 2240 retulit
1616 2225 1631 2246 ,
1660 2200 1756 2240 satis
1771 2209 1865 2246 pro-

521 2248 665 2306 batam
679 2262 760 2288 non
776 2250 910 2290 videri
938 2265 1009 2300 per
1033 2254 1179 2303 gradus
1206 2253 1412 2293 distinctos
1437 2252 1738 2303 Cognationem
1757 2250 1867 2289 Ora-

522 2308 631 2342 toris
658 2312 754 2341 cum
771 2302 839 2352 pio
854 2301 1066 2344 Testatore
1081 2319 1098 2346 ‚-
1127 2307 1166 2346 ὅς
1182 2315 1385 2358 quatenus
1402 2307 1586 2356 precibus
1603 2302 1867 2343 annuendum

527 2351 631 2393 esset
656 2378 671 2398 ‚
700 2354 842 2394 censet
865 2379 879 2401 ‚
921 2356 1030 2405 quod
1071 2357 1186 2397 Filiae
1219 2358 1412 2398 Oratoris
1449 2359 1624 2396 exaudiri
1658 2358 1781 2405 poffint
1819 2357 1866 2393 ab

519 2405 610 2456 AE'E.¹
626 2408 674 2446 V
669 2409 722 2446 V.
750 2420 833 2445 cum
843 2409 1068 2456 affignatione
1083 2420 1184 2448 certa
1199 2413 1250 2447 ad
1262 2420 1399 2462 tempus
1415 2409 1622 2458 benevq‘sum
1635 2421 1866 2446 annuorum
1887 2423 1900 2455 ,-

515 2459 680 2504 fitiorum
701 2472 749 2499 ex
760 2460 925 2510 praesats’s
940 2463 1117 2512 Substdiis
1148 2462 1329 2502 dotalibus
1342 2465 1467 2507 Perez,
1483 2485 1498 2506 ‚
1528 2474 1601 2499 una
1613 2474 1692 2499 cum
1718 2463 1867 2511 effgnay-
1879 2503 1904 2511 „,

516 2521 646 2556 ,mento
662 2536 677 2558 ,
691 2513 787 2563 quod
793 2513 908 2552 datur
915 2522 980 2564 pro
994 2512 1161 2564 Vestibus
1175 2541 1190 2562 ‚
1217 2513 1328 2568 itsque
1338 2529 1406 2567 quo
1419 2514 1604 2564 censeatur
1626 2517 1677 2551 eis
1692 2515 1867 2554 decenter

521 2564 712 2614 provisum
720 2575 784 2616 pro
795 2565 1031 2617 Monasteriis
1045 2581 1170 2607 earum
1178 2569 1297 2620 statui
1309 2592 1323 2614 ‚
1338 2571 1382 2614 ὠ·
1397 2568 1593 2608 conditioni
1609 2571 1771 2617 congruis
1787 2592 1803 2614 ,
1818 2577 1863 2608 ut

516 2619 586 2662 ‚ita
602 2616 810 2667 consulatur
825 2632 950 2657 earum
965 2621 1177 2670 indigentiae
1191 2650 1202 2661 .

473 2667 627 2713 Preces
642 2679 749 2709 nunc
764 2680 939 2711 renovat
957 2672 1112 2722 Gaspar
1128 2672 1268 2723 Payva
1280 2686 1297 2714 ‚·
1326 2674 1366 2714 &
1379 2673 1488 2712 suam
1503 2680 1792 2722 paupertatem
1809 2672 1869 2712 in·-

528 2719 697 2766 dubiam
712 2721 850 2776 asserit
864 2746 879 2771 ‚
895 2724 1290 2780 quoniam-omnibus
1307 2723 1482 2768 fortunae
1498 2725 1615 2766 bonis
1629 2726 1870 2819 ᾱεῆἰτιιείμς,

1811 2791 1832 2818 C
1849 2801 1867 2823 9
