1934 2954
549 51 625 97 148

542 105 616 141 ctae
635 100 841 144 Societati
856 99 1200 153 presbyterorum
1215 101 1408 153 capitalia
1423 103 1573 144 valoris
1597 98 1745 148 scutor.
1768 122 1899 152 υοορ-

542 165 620 212 pro
639 158 847 197 cremone
859 157 1227 208 Cappellaniarum
1240 183 1253 202 ‚
1284 155 1473 204 stipulata
1491 168 1562 205 per
1580 158 1726 200 eadem
1741 161 1890 203 Loca„

543 206 620 265 Pia
633 209 890 262 obligatione
922 212 974 251 de
990 210 1257 251 ulterioribus
1286 221 1332 248 ex
1345 211 1424 247 hoc
1439 211 1573 259 capite
1605 224 1685 252 non
1705 215 1887 256 inferen-

548 261 612 302 dis
640 266 840 306 molestiis
869 264 1038 313 praefato
1051 264 1226 304 Paulino
1242 293 1252 303 .
1286 262 1503 311 Episcopus
1535 274 1676 307 autem
1710 269 1892 310 utilem,

543 323 666 365 putat
696 321 800 359 hanc
815 318 1039 359 cesfionem
1059 344 1072 363 ,
1102 326 1147 356 ut
1161 315 1328 356 collatis
1348 314 1630 365 Cappellaniis
1654 316 1885 371 Praecepto-

547 374 658 415 ribus
686 371 1027 417 Seminarii‚s1ne
1048 368 1289 420 praejudicio
1319 367 1584 418 implementi
1608 384 1780 414 onerum
1812 375 1892 414 eis..

547 428 647 467 dem
671 426 978 473 inhaerentium,
993 424 1229 463 consultum
1249 420 1328 463 effe
1359 421 1478 474 possit
1510 423 1772 467 ulterioribus
1790 424 1890 468 illo-

549 492 641 519 rum
656 478 862 529 stipendiis
878 508 888 519 .
920 478 1078 517 Praestat
1095 485 1233 516 tamen
1252 488 1328 526 prae
1346 476 1479 516 oculis
1498 476 1648 518 habere
1669 479 1891 520 resolutio-

549 545 646 573 nem
664 532 794 572 Sacrae
810 529 1158 581 Congregationis
1186 544 1223 568 m
1240 530 1465 569 'Tudertina
1493 542 1532 573 3.
1551 529 1656 579 Julii
1681 537 1858 572 currentis
1874 558 1891 580 ‚

547 595 596 626 ut
613 584 808 626 consueta
825 583 1071 624 maturitate
1089 582 1228 622 decidi
1246 581 1366 632 poffit
1381 608 1395 628 ,
1429 594 1477 623 an
1495 582 1687 632 expediat
1713 582 1895 628 dietant.»

546 638 769 679 ceffionem
785 649 879 678 cum
903 635 1111 677 recensitis
1131 634 1386 685 panionibus
1404 637 1630 686 approbare
1645 665 1655 675 .

603 691 893 741 Dignabuntur
913 689 1053 739 itaque
1070 688 1152 728 EE.
1174 689 1270 730 VV.
1298 687 1470 730 definire

494 740 572 782 'An
578 745 628 794 fit
639 745 735 782 locus
753 747 878 781 unioni
896 767 908 787 ,
926 746 970 786 ὠ·
986 742 1215 791 applicationi
1231 743 1393 791 Operum
1407 741 1563 784 Piorum
1576 766 1590 787 ‚
1606 740 1653 781 de
1669 743 1796 794 quibus
1812 745 1893 794 agi—
1932 741 1934 744 ’

603 807 667 837 tur
678 821 690 841 ‚
697 795 835 841 favore
847 797 1056 834 seminaria·
1070 816 1085 838 ‚
1097 798 1136 832 in
1150 795 1236 843 casu
1249 797 1325 839 &c-

606 951 758 1002 Qload
791 951 1118 1001 applicationem
1163 951 1289 1001 primi
1330 949 1483 1003 Legati
1513 951 1782 995 Affirmat1ve
1814 964 1899 1004 pra

650 1007 703 1045 sc.
724 1019 837 1049 100.,
870 1005 1012 1045 deleta
1056 1004 1298 1045 conditione
1338 1006 1473 1056 quoad
1515 1007 1893 1056 nominationem,

646 1061 687 1098 δι’
709 1057 989 1098 remotionem
1002 1057 1325 1109 Magistrorums
1352 1056 1502 1108 Qoad
1528 1058 1754 1104 secundum
1778 1061 1893 1109 lega-

652 1121 744 1151 tum
759 1136 772 1156 ‚
791 1110 986 1162 negative
999 1124 1015 1152 3
1033 1109 1183 1161 Qoad
1197 1112 1375 1152 tertium
1390 1137 1404 1157 ‚
1429 1109 1699 1151 Affirmative
1716 1125 1726 1151 t
1743 1111 1894 1163 Qoad

654 1173 850 1216 quartum
865 1189 879 1211 ,
893 1163 1026 1205 dilata
1039 1188 1054 1211 ‚
1065 1165 1105 1208 Sc
1119 1164 1170 1205 ad
1184 1164 1239 1206 D.
1262 1164 1549 1206 Secretarium
1566 1163 1617 1204 ad
1632 1174 1820 1206 mentem
1834 1194 1848 1207 .

110 1381 282 1435 aresta.
311 1385 455 1435 capas.
582 1370 816 1433 IRMANA
845 1375 1266 1419 PARocmAms.
1294 1375 1547 1417 Dominicus
1569 1376 1777 1433 Nimiam}
1804 1373 1895 1415 Pas-

117 1440 165 1477 de
179 1436 339 1485 Reform,
590 1428 716 1486 sanni
734 1433 976 1482 conquestus
991 1430 1042 1472 de
1073 1429 1353 1475 irrationabili
1381 1431 1541 1477 judicio
1574 1426 1890 1478 Archiepiscopi

554 1479 735 1521 Firmani
752 1506 764 1525 ‚
780 1484 889 1533 quod
906 1485 946 1524 in
962 1484 1161 1524 concursu
1181 1483 1325 1523 habito
1339 1483 1406 1523 die
1427 1497 1466 1532 4.
1484 1482 1634 1522 Martii
1663 1480 1889 1531 superioris

549 1534 646 1573 anni
661 1534 711 1573 ad
723 1535 1010 1575 Parochialem
1025 1536 1249 1577 Ecclesiam
1267 1535 1396 1575 Castri
1416 1535 1606 1575 Orticini
1626 1545 1707 1573 non
1724 1533 1855 1582 ipsum
1868 1555 1886 1577 ‚

550 1586 623 1626 sed
638 1586 887 1632 Caietanum
915 1587 1096 1628 Moretti
1123 1587 1389 1637 praeelegerit
1408 1612 1422 1633 ‚
1453 1587 1778 1638 appellationem
1797 1585 1903 1632 pris

544 1641 662 1678 mum
680 1639 926 1688 interposuit
941 1652 1080 1680 coram
1099 1640 1279 1680 honestis
1295 1638 1404 1679 Viris
1423 1639 1491 1679 die
1510 1644 1546 1680 6.
1565 1639 1748 1685 ejusdem
1764 1649 1885 1677 men-

542 1692 593 1731 fis
609 1716 624 1738 ‚
652 1703 747 1731 mox
775 1693 982 1732 recursum
1007 1692 1151 1732 habuit
1180 1692 1231 1732 ad
1262 1694 1367 1731 hanc
1387 1691 1563 1731 Sacram·
1580 1691 1884 1741 Congregatio-

547 1756 645 1783 nem
660 1772 670 1783 .
687 1744 742 1782 Et
760 1743 868 1782 datis
883 1745 933 1783 de
951 1755 1068 1783 more
1088 1742 1243 1784 Literis
1272 1743 1323 1782 ad
1341 1744 1558 1784 Vicarium
1571 1741 1885 1794 Apostolic'uuu

542 1794 707 1835 interea
729 1793 978 1844 deputatum
1008 1795 1048 1834 in
1067 1795 1247 1836 Dioecefi
1266 1794 1483 1841 Firmana‚
1515 1793 1742 1835 transmissa
1763 1796 1812 1834 ab
1832 1807 1886 1834 eo

539 1847 711 1888 fuerunt
724 1848 814 1887 afta
829 1849 1047 1888 concursus
1062 1847 1298 1897 originalia,
1320 1847 1360 1887 in
1377 1848 1521 1899 quibus
1537 1848 1733 1898 propofiti
1752 1847 1884 1891 casus,

542 1900 748 1952 editaeque
762 1901 992 1940 solutiones
1009 1927 1023 1946 ‚
1039 1901 1078 1941 Sc
1094 1899 1388 1940 Conciunculae
1402 1901 1689 1940 describuntur
1706 1925 1722 1946 ‚
1752 1908 1880 1951 atque

545 1955 795 2005 fingulorum
810 1953 1148 1993 concurrentium
1165 1953 1318 1994 merita
1338 1952 1377 1992 in
1399 1954 1612 2003 epitomen
1633 1951 1795 1993 redffla
1814 1979 1826 1992 .

489 2006 688 2057 Epitome
708 2007 997 2058 requifitorum
1011 2004 1205 2053 Caietani
1222 2006 1402 2046 Moretti
1418 2006 1480 2045 his
1499 2006 1633 2045 verbis
1650 2005 1802 2056 scripta
1819 2004 1882 2045 Ιεψ

541 2059 655 2110 gitur
672 2075 700 2096 ,τ
715 2059 891 2099 Sacerdos
911 2058 1111 2112 Cajetanus
1125 2058 1283 2099 Morem·
1297 2060 1342 2097 de
1355 2057 1500 2098 Altera
1520 2058 1705 2097 Firmanae
1733 2060 1878 2096 Diaece-

533 2114 583 2163 fis
602 2125 612 2150 2
628 2126 804 2150 annorum
818 2117 883 2156 36.
905 2124 914 2151 :
929 2114 1107 2151 Sacerdos
1122 2113 1248 2151 decem
1261 2113 1306 2151 ab
1318 2114 1402 2150 hinc
1417 2116 1521 2151 annis
1538 2124 1548 2151 ε
1568 2110 1805 2160 Confeffarius
1832 2109 1883 2147 de

540 2177 632 2203 anno
652 2179 696 2212 ¹7
705 2176 766 2209 53.
785 2176 794 2203 :
814 2166 1084 2216 Ludimagister
1090 2174 1159 2215 per
1159 2166 1234 2215 sex
1252 2178 1360 2204 annos
1376 2167 1507 2204 extitit
1535 2169 1572 2203 in
1589 2167 1656 2203 hac
1685 2165 1848 2202 Civitate
1862 2186 1879 2207 ‚

538 2221 579 2256 in
595 2220 801 2257 Seminario
827 2218 969 2257 Montis
996 2218 1093 2258 Alti
1109 2242 1123 2262 ,
1154 2221 1200 2262 (ἔγ
1213 2222 1253 2257 in
1281 2221 1444 2257 Civitate
1475 2217 1655 2257 Talentm·
1675 2228 1685 2254 :
1717 2214 1879 2264 Philoso-

534 2272 632 2320 phiae
646 2296 660 2315 ‚
675 2284 718 2309 ac
730 2270 928 2319 Theologiae
943 2271 1089 2320 cursum
1102 2269 1270 2320 explevit
1279 2275 1319 2309 in
1335 2271 1614 2321 hat-studiorum
1645 2267 1876 2316 vniversita-

540 2333 579 2362 te
597 2336 608 2362 :
624 2325 666 2362 In
681 2323 855 2372 concursu
869 2322 1036 2374 Ecclefiae
1054 2325 1201 2362 Curatae
1214 2324 1355 2362 Montis
1369 2324 1503 2362 senfin·
1520 2324 1626 2362 Petri
1640 2319 1877 2369 Angelorum

531 2376 616 2423 suit
628 2376 791 2427 legitime
804 2377 1015 2427 approbatus
1032 2402 1046 2421 ,
1059 2385 1169 2426 prout
1182 2379 1222 2414 in
1237 2377 1352 2415 altero
1371 2376 1487 2427 castri
1499 2376 1644 2415 Altetae
1657 2388 1684 2410 τ.-
1696 2385 1712 2412 ‚·
1728 2371 1781 2411 Et
1798 2372 1871 2411 im,

540 2430 726 2478 margine
754 2428 1004 2469 adnotantur
1032 2430 1254 2479 sequentes
1284 2429 1417 2469 literae
1449 2428 1632 2482 initiales
1655 2423 1782 2464 A.A.
1797 2422 1842 2463 R.
1858 2447 1877 2469 ‚

543 2491 632 2528 quae
650 2482 839 2522 indicant
854 2506 868 2526 ‚
887 2494 983 2523 eum
1000 2480 1116 2521 fu1sse
1133 2492 1154 2520 a
1171 2481 1326 2522 duobus
1343 2477 1702 2524 Examinatoribus
1723 2487 1875 2527 appro-

543 2530 686 2572 batum
699 2558 713 2578 ‚
732 2535 782 2573 ab
795 2535 933 2574 altero
949 2536 1212 2584 reprobatum
1228 2563 1239 2574 .

493 2579 645 2622 Altera
664 2597 763 2626 vero
778 2587 965 2634 epitome
982 2586 1197 2627 Dominici
1212 2585 1404 2628 Paffarini
1437 2587 1522 2625 haec
1540 2582 1663 2622 habet
1692 2596 1721 2621 =
1745 2584 1877 2622 Sacer-

547 2635 611 2674 dos
627 2636 844 2680 Dominicus
872 2639 1062 2693 Paffariai
1089 2642 1138 2683 dc
1156 2641 1322 2694 Caraffai
1343 2638 1524 2685 firmanae
1545 2635 1708 2689 Difcefis
1726 2646 1739 2678 ;
1767 2648 1875 2676 annos

1790 2698 1876 2733 aum
