1934 2954
1375 147 1419 172 n

115 205 208 235 rum
230 185 454 243 qua‘litates
471 183 705 233 praescripfit
723 206 737 227 ‚
769 182 874 232 quod
905 183 1063 220 debbano
1077 182 1187 231 effere
1201 189 1312 236 oneste
1326 214 1339 233 ,
1357 203 1375 226 e
1388 149 1446 227 bg

103 245 257 299 sognose
273 268 285 288 ,
311 239 401 282 anzj
410 238 628 287 poveriffime
647 261 660 281 ,
689 248 708 272 e
725 233 758 272 le
766 238 832 283 piic
847 235 1022 283 meschine
1036 263 1049 282 ‚
1066 238 1130 273 che
1134 237 1170 285 fi
1179 247 1319 280 troviuo
1335 268 1347 286 ‚
1365 244 1443 281 Or-

110 301 201 350 sane
233 298 274 334 di
289 294 412 331 Padre
428 315 441 335 ,
469 303 488 327 e
511 291 675 327 Madre:
700 289 891 335 proibendo
915 290 1207 342 esprejffamente‚
1237 297 1300 332 che
1324 310 1389 332 non
1409 299 1444 347 fi

116 353 238 404 poffino
261 349 414 384 maritar
430 341 573 381 Zitelle
585 343 624 379 di
637 338 721 379 Poli
736 344 808 378 mia
823 343 956 381 Patria
969 372 981 391 ‚
999 345 1046 392 se
1056 359 1125 384 non
1132 344 1289 393 saranno
1305 350 1445 396 Orsum

118 406 161 442 dg·
173 403 295 441 padre
312 424 325 444 ,
359 396 528 434 eMadre
544 422 556 442 ,
591 393 764 441 conforme
789 394 860 432 alle
889 397 983 437 altre
1000 403 1100 444 &c.:
1129 415 1148 438 e
1172 401 1312 449 voglio,
1341 403 1441 441 che„

111 459 213 496 dette
245 451 395 492 Zinelle
410 451 510 499 siano
519 451 614 499 state
642 456 783 497 quattro
814 457 900 490 anni
924 455 1209 492 continuamente
1232 458 1270 491 in
1286 455 1440 494 Roma„

108 519 178 561 per
201 519 318 560 overe
349 507 450 542 detta
483 504 580 540 Doce
595 504 668 546 ἐστ.
690 514 699 538 ;
729 503 774 537 ed
796 505 835 540 in
849 505 940 544 oltre
958 533 970 552 ,
1000 509 1063 545 che
1077 509 1202 545 abhino
1216 511 1359 557 compiti
1374 508 1444 556 se-

115 565 192 600 dici
221 563 306 597 anni
321 588 330 597 .

60 621 140 662 Pro
156 613 344 658 injunctae
365 607 638 647 Subfidiorum
649 606 938 653 distributionis
967 614 1242 665 exequutione
1258 612 1444 653 Testator

114 666 246 708 edixit
275 681 301 701 =
334 662 463 711 Voglio
479 685 492 705 ‚
519 662 582 698 che
589 662 623 707 st
636 663 811 701 vincolino
827 671 919 705 tutti
934 668 962 705 li
976 672 1061 706 miei
1075 668 1213 715 Luoghi
1227 667 1410 704 de’Monti
1428 692 1443 712 ‚

114 718 218 774 quali
231 719 387 756 debbano
395 716 498 766 stare
511 723 802 763 perpetuamente
816 720 934 769 affetti
950 748 962 766 ‚
992 723 1035 765 ὠ*
1046 721 1216 769 ipotecati
1237 726 1304 767 per
1316 720 1445 757 dotare

115 786 180 812 con
193 773 344 820 Iisrutti
371 771 410 806 di
428 770 484 817 effi
507 771 586 816 ogni
600 781 688 806 anno
717 768 862 811 le'dette
892 775 987 812 dieci
1002 773 1144 813 Zitelle
1174 785 1235 809 con
1251 771 1286 808 la
1301 775 1440 810 detta,

117 828 216 865 Do!e
232 823 385 872 discum
402 825 529 866 venti,
555 835 574 857 ⁶³
593 822 630 858 la
647 824 751 872 Vc'ste
778 836 806 857 Ξ
832 839 847 866 2·
875 827 945 865 Ast
961 828 1034 872 ‚ob
1049 824 1274 864 diminutos
1289 823 1442 862 smnus

58 895 61 898 ⁴
117 877 323 917 Locorum
341 873 799 916 Montium‚dimim1tus
816 892 975 930 quoque
988 880 1068 919 fuit
1087 876 1355 917 Subfidiorum
1371 889 1446 915 nu-

117 942 254 972 merus
270 956 283 975 ,
310 941 395 980 quae
411 941 515 967 anno
537 932 651 974 1669.
670 929 718 967 ad
733 929 796 967 sex
813 958 825 976 ‚
840 933 1091 978 postmodum
1106 931 1174 970 die
1193 928 1447 976 29.Novem-

112 986 195 1025 bris
212 988 326 1030 1698.
354 982 403 1022 ad
419 982 597 1033 quinque
615 991 777 1022 tantum
792 985 956 1024 redutsta
977 986 1065 1024 sunt
1082 997 1128 1023 ex
1145 983 1313 1026 decreto
1328 983 1448 1032 hujus

117 1037 245 1077 Sacra:
264 1035 604 1084 Congregationis
634 1036 845 1084 registrato
869 1042 907 1074 in
923 1039 1054 1086 Iih.48.
1073 1039 1415 1084 Decret.pag.570.
1432 1059 1448 1079 ,

117 1090 186 1130 ubi
216 1088 344 1127 etiam
382 1090 529 1126 statuta
558 1087 714 1136 legitur
743 1090 990 1128 alternativa
1026 1090 1135 1128 inter
1167 1089 1337 1135 singulas
1368 1086 1449 1126 Ur-

116 1143 178 1183 bis
193 1141 397 1191 Regiones
426 1139 610 1190 quolibet
640 1152 743 1180 auno
774 1141 968 1181 servanda
998 1154 1070 1192 pro
1096 1141 1300 1180 elet‘tione
1326 1138 1449 1179 Puel-

116 1196 250 1234 larum
272 1222 280 1232 .

64 1247 145 1288 His
162 1246 380 1295 regebatur
396 1244 552 1293 legibus
569 1247 702 1295 operis
719 1245 776 1293 pii
793 1246 1087 1286 administratio
1104 1258 1207 1285 anno
1227 1258 1294 1291 173
1306 1255 1356 1289 5.,
1369 1256 1450 1293 quo

117 1297 340 1339 catharina
358 1297 489 1336 Leoni
507 1297 742 1340 Praenestina
759 1325 770 1342 ‚
798 1300 965 1338 honestae
995 1298 1246 1338 conditionis
1277 1296 1420 1336 Puella
1437 1320 1452 1340 ‚

115 1363 267 1390 annum
280 1361 401 1399 agens
418 1349 779 1389 decimumnonum
799 1377 811 1395 ‚
844 1352 882 1390 ὃς
899 1360 1072 1401 utroque
1091 1350 1264 1388 Parente
1280 1350 1420 1387 orbata
1434 1372 1449 1392 ,

115 1402 303 1453 precibus
320 1402 488 1440 Summo
503 1402 691 1441 Pontifici
708 1403 856 1443 oblatis
873 1427 886 1446 ,
919 1404 957 1442 Sc
975 1403 1022 1441 ad
1039 1405 1141 1441 hanc
1160 1402 1323 1440 Sacram
1339 1401 1450 1439 Con-

114 1454 402 1504 gregationem
427 1453 596 1493 remissis
614 1481 625 1499 ‚
655 1455 897 1503 postulavit,
925 1464 972 1494 ut
989 1454 1280 1504 fibitamquam
1293 1452 1352 1502 pii
1369 1452 1450 1493 Te-

111 1506 272 1546 statoris
286 1506 478 1555 Cognatae
495 1505 757 1556 affignaretur
774 1507 858 1547 Dos
874 1508 1081 1546 scutorum
1100 1507 1219 1546 mille
1249 1518 1296 1546 ex
1324 1505 1448 1545 dictis

113 1558 301 1598 Subfidiis
319 1570 391 1608 pro
407 1559 697 1598 contrahendis
718 1561 869 1609 nuptiis
886 1574 900 1600 3
930 1561 967 1600 ὃς
985 1560 1034 1598 ad
1049 1562 1149 1598 hanc
1164 1557 1449 1610 assequendam

113 1611 256 1651 docuit
273 1621 344 1660 per
360 1610 459 1652 fides
474 1611 772 1660 Baptismatum
789 1637 802 1656 ‚
834 1614 872 1652 &
886 1611 1256 1651 Matrimoniorum
1272 1637 1284 1656 ,
1314 1623 1360 1649 ac
1377 1623 1450 1660 per

116 1663 257 1703 Testes
275 1690 288 1708 ‚
316 1664 542 1713 Pompeum
561 1663 719 1703 Ferrati
750 1664 771 1702 ὲ
792 1663 923 1703 Terra
940 1664 1029 1703 Poli
1054 1664 1237 1712 migrasse
1267 1663 1316 1702 ad
1332 1663 1450 1702 Civi-

115 1724 247 1756 tatem
264 1717 542 1757 Praenestinam
559 1741 571 1760 ‚
598 1716 734 1766 ibique
750 1728 843 1754 cum
856 1716 1078 1755 Catharina
1105 1716 1265 1755 Colizzi
1281 1715 1448 1755 Uxore,

113 1767 336 1818 procreasse
353 1782 458 1808 anno
477 1774 590 1812 1653.
612 1768 741 1808 filiam
755 1769 920 1807 nomine
938 1769 1184 1808 Geltrudem
1205 1769 1321 1818 ipfius
1339 1769 1450 1807 Ora-

113 1820 234 1860 tricis
249 1821 401 1860 Aviam
415 1848 428 1867 ‚
459 1823 626 1872 ejusque
644 1820 825 1860 Familiae
852 1823 874 1860 a
891 1821 1027 1861 Patria
1043 1820 1211 1868 Pompei
1229 1821 1449 1870 Agnomen

113 1873 241 1922 Polese
265 1873 490 1915 remansisse
508 1903 517 1913 .
549 1875 600 1912 Et
631 1874 680 1912 ad
700 1874 944 1922 probandam
971 1873 1071 1911 dieti
1091 1873 1262 1921 Pompei
1289 1873 1450 1922 Cogna-

115 1924 277 1964 tionem
308 1938 402 1965 cum
419 1926 601 1965 Ostavio
618 1925 905 1965 Mazzarocchi
921 1926 989 1974 pio
1006 1925 1219 1965 Testatore
1235 1951 1247 1969 ‚
1265 1927 1357 1963 cum
1376 1925 1448 1964 de-

98 1975 287 2017 (ficerent
311 1979 352 2016 in
369 1978 500 2018 Terra
517 1978 607 2017 Poli
627 1978 739 2016 Libri
757 1978 1123 2017 Matrimoniorum
1139 2003 1151 2022 ,
1169 1979 1207 2016 ὃς
1226 1977 1450 2022 Baptisma—

113 2037 206 2069 tum
223 2055 236 2074 ‚
264 2030 450 2070 exhibuit
467 2031 715 2080 particulam
730 2029 984 2069 Testamenti
1001 2030 1138 2067 Romae
1167 2027 1327 2066 conditi
1349 2028 1447 2069 die)

114 2095 154 2129 7.
172 2081 319 2120 Martii
340 2087 452 2130 1645.
476 2095 498 2121 a
529 2083 714 2121 Durante
741 2082 899 2120 Ferrati
927 2080 1133 2131 quondam
1159 2080 1368 2119 Benediffi
1398 2081 1448 2120 de

111 2133 217 2173 Polo
232 2133 476 2182 Tyburtinae
494 2134 689 2172 Dioecefis
705 2157 718 2176 ‚
751 2133 790 2171 in
809 2146 888 2183 quo
913 2133 1020 2171 idem
1032 2132 1238 2172 Durantes
1270 2133 1448 2171 instituit

111 2185 332 2227 Haeredem
349 2186 595 2231 Pompeium
613 2185 770 2224 Ferrati
785 2209 798 2228 ,
828 2197 949 2235 quem
974 2185 1154 2234 appellat
1181 2183 1323 2223 Filium
1337 2199 1449 2234 quon-

110 2239 198 2278 dam
209 2241 403 2278 Herminii
417 2239 568 2276 Ferrati
593 2236 671 2290 ejus
701 2240 886 2286 Nepotem
915 2237 1094 2275 carnalem
1110 2263 1123 2283 ,
1156 2238 1194 2277 8<
1209 2237 1447 2288 Exequuto-

110 2302 201 2331 rem
219 2291 479 2332 Testamenta
487 2291 592 2330 rium
609 2290 737 2342 elegit
753 2290 949 2330 Offavium
961 2290 1235 2336 Mazzarocchi
1265 2288 1341 2342 ejus
1356 2288 1449 2328 Fra-

113 2354 205 2382 trem
231 2346 474 2395 consobrinum
489 2373 499 2382 .

61 2393 179 2436 Hanc
208 2398 518 2438 enunciativam
548 2395 819 2436 sufficientem
854 2394 1066 2444 reputavit
1093 2393 1445 2434 Eminentiffimus

109 2455 206 2488 tunc
219 2449 449 2490 Cardinalis
474 2447 662 2488 Vicarius
692 2451 714 2488 a
741 2448 858 2488 Sacra
873 2447 1206 2497 Congregatione
1235 2446 1402 2486 auditus
1430 2460 1446 2486 ,-

109 2499 174 2545 &a
206 2516 287 2542 non
304 2504 483 2543 obstante
501 2502 826 2541 contradictione
854 2500 1153 2549 Religiosorum
1181 2499 1404 2539 Haeredum
1428 2523 1444 2543 ,

108 2555 265 2594 censuit
282 2555 487 2606 indulgeri
505 2551 613 2604 poffe
627 2554 855 2594 Catharinae
874 2552 1004 2591 Leoni
1034 2553 1174 2591 dotem
1201 2552 1302 2591 scut.
1322 2564 1411 2595 500.
1427 2578 1441 2597 ,

113 2603 248 2646 eidem
262 2607 492 2658 affignando
520 2618 649 2646 annua
676 2606 759 2644 duo
790 2618 836 2645 ex
866 2605 988 2644 dinis
1007 2603 1221 2650 Subfidiis,
1247 2604 1441 2654 aliaque,

112 2655 287 2699 Subfidia
303 2673 372 2710 pro
385 2669 574 2709 tempore
593 2658 851 2698 devolvenda
868 2658 992 2708 usque
1021 2656 1070 2696 ad
1088 2658 1445 2706 complementum

111 2708 275 2752 summae
292 2712 487 2763 praedjt‘tae
501 2743 511 2753 .
525 2713 578 2752 Et
596 2713 726 2753 relata
740 2710 925 2753 instantia
942 2722 1012 2761 per
1029 2710 1243 2750 summaria
1255 2721 1443 2761 precum,

1347 2773 1451 2812 prae-
