1934 2954
523 162 537 185 1

516 160 633 239 ti9di1e
660 196 700 238 in
718 196 927 246 integrum
945 221 958 242 ‚
984 198 1052 236 cni
1082 197 1228 236 nedum
1249 196 1450 239 adhaerent
1475 197 1597 240 Pater
1614 221 1626 240 ‚
1657 195 1858 236 Avuncu—

517 252 581 293 lus
600 276 613 296 ,
629 251 668 290 &
691 249 771 299 ipsa
791 248 953 299 Religio
968 275 979 294 ,
1010 249 1078 288 sed
1101 250 1228 291 etiam
1245 248 1464 297 Episcopus
1480 248 1746 302 Cordubensis
1759 274 1771 294 ,
1785 249 1854 298 qui

517 303 612 344 huic
631 302 757 344 Sacrae
773 299 1097 351 Congregationi
1111 302 1270 344 sensum
1284 302 1398 345 suum
1410 302 1575 350 aperuit
1589 312 1659 350 per
1673 303 1751 351 hcc
1765 313 1857 340 ver—

519 356 567 399 ba
597 369 625 393 =
654 357 818 404 Dignum
826 353 957 408 judico
969 380 980 400 ‚
1006 365 1047 394 ut
1077 369 1156 393 cum
1182 354 1244 392 illo
1271 354 1492 404 dispensetur
1506 380 1519 399 ‚
1551 358 1595 401 (ῥ’
1613 352 1856 410 judicialiter

522 406 709 449 audiatur‘
717 409 830 458 super
842 407 1012 447 nullitate
1027 409 1130 462 ipstus
1147 408 1363 456 Profeffionis
1376 433 1388 453 ‚
1402 409 1619 449 concedendo
1633 408 1694 447 illi
1706 406 1854 460 restitu-

519 465 652 500 tionem
666 465 703 499 in
718 465 900 510 integrum
928 462 1102 509 adversus
1118 460 1256 509 lapsum
1272 464 1510 510 quinquennii
1536 473 1564 497 =
1592 459 1653 502 At
1670 460 1691 499 ὲ
1708 468 1857 501 contra

516 513 654 557 valide
669 514 706 553 se
721 513 895 564 opponit
925 511 1126 557 Defensor
1145 512 1403 557 Professionis
1433 525 1455 552 a
1485 512 1602 554 Sacra
1617 512 1704 552 Con
1734 522 1853 562 rega-

518 567 638 609 tione
660 566 884 616 deputatus
901 589 914 610 ,
945 566 983 605 Sc
1009 565 1143 615 primo
1172 565 1316 612 objicit
1331 591 1345 611 ‚
1372 566 1579 608 servatam
1608 576 1687 606 non
1721 562 1852 608 uiffe.»

515 618 694 662 formam
712 618 925 663 notifiimae
943 617 1256 661 Constitutionis
1270 619 1479 661 sammern.
1498 616 1684 666 Bendisti
1702 614 1820 659 XIV.
1836 638 1855 662 2

512 671 792 724 ,praecipientis
809 671 884 720 sub
893 681 998 722 poena
1014 671 1223 719 iasanabilis
1239 671 1420 709 nullitatis
1434 673 1517 708 dari
1531 673 1852 721 Interrogatoriae.»

511 736 592 775 pro
606 733 722 774 parte
744 723 860 763 illius
875 725 897 768 ‚'
919 723 986 774 qui
1002 724 1074 762 stat
1089 736 1160 773 pro
1178 723 1398 763 validitate
1411 721 1670 765 Profefiionis
1685 735 1701 762 2·
1729 723 1854 764 cum.-

516 786 660 820 autem
677 776 717 820 in
734 776 951 826 hypothesi
973 777 1085 827 super
1100 776 1296 819 Articulis
1311 779 1453 818 tantam
1482 774 1672 818 exhibitis
1697 785 1746 814 ex
1761 785 1855 825 par·-

516 837 561 870 te
578 829 692 871 illius
707 854 721 874 ‚
749 828 821 880 qui
838 827 1026 871 adversus
1053 827 1347 873 Profeffionem
1378 828 1462 878 agit
1479 852 1493 873 ‚
1527 827 1667 871 Testes
1698 825 1858 870 fuerint

517 881 746 923 examinati
764 907 777 927 ‚
805 880 900 919 hinc
919 881 1263 928 probationem-“ex
1278 881 1430 925 eisdem
1445 880 1629 920 Testibus
1663 879 1857 921 elicitam

515 933 737 975 contendit
765 933 920 972 nullius
938 932 1014 973 effe
1047 933 1270 979 efficaciae'‚
1301 934 1477 983 iuspec‘ta
1507 932 1759 982 potissimum
1788 931 1853 970 le-

514 1000 567 1035 ge
595 985 839 1025 conficiendi
874 982 1104 1024 Processum
1138 985 1188 1023 ad
1215 985 1390 1025 formam
1422 986 1539 1025 dieiae
1568 983 1850 1024 Benediciinae

514 1036 832 1096 Constituti-onis
848 1036 941 1076 data
959 1037 1159 1093 Episcopo
1171 1036 1414 1083 Cordubensi
1427 1038 1469 1078 in
1481 1037 1637 1080 litteris
1653 1036 1852 1080 Sac.Con‹

517 1098 771 1140 gregationis
792 1118 802 1134 ‚

466 1149 567 1191 Mox
582 1142 722 1186 relatae
748 1142 938 1185 nullitati
965 1142 1066 1185 alias
1077 1142 1175 1186 duas
1194 1143 1311 1188 addit
1337 1142 1537 1186 Defensor
1559 1140 1818 1181 Profeffionis
1836 1167 1853 1189 ,

516 1195 671 1234 alteram
689 1204 1000 1242 promanantem
1013 1207 1060 1239 ex
1079 1195 1242 1236 defectu
1256 1194 1551 1248 jurisdictionis
1566 1221 1579 1241 ‚
1609 1196 1647 1235 Sc
1663 1194 1848 1233 alteram.-

517 1260 566 1289 ex
579 1247 745 1291 defertu
761 1247 973 1292 citationis
987 1278 999 1292 ,
1015 1248 1111 1297 Quo
1125 1248 1237 1291 enim
1253 1247 1303 1288 ad
1329 1248 1627 1302 Jurisdifflonis
1644 1244 1856 1290 defeetum

516 1302 674 1341 constat
692 1326 707 1347 ‚
739 1300 891 1350 primos
909 1301 973 1340 sex
990 1300 1129 1342 Testes
1156 1313 1227 1350 pro
1255 1312 1370 1351 parte
1392 1301 1455 1342 Fr.
1475 1301 1639 1352 Joannjs
1671 1298 1859 1341 indut‘tos

515 1353 771 1395 examinatos
791 1351 908 1394 fuiffe
922 1354 1038 1403 ,super
1053 1353 1244 1396 articulis
1266 1365 1336 1401 per
1354 1352 1567 1396 vicarium
1593 1352 1853 1393 Foraneunb

518 1404 660 1447 Terrae
675 1407 720 1442 de
734 1404 933 1454 Agusium
949 1405 1018 1455 qui
1034 1405 1082 1445 ad
1098 1405 1138 1445 id
1154 1406 1440 1455 subdelegatus
1453 1405 1535 1447 fuit
1553 1418 1623 1456 per
1637 1404 1858 1448 vicarium

516 1457 773 1498 Generalem
789 1456 978 1506 Episcopi
996 1458 1261 1499 Cordubensis
1276 1472 1291 1499 s
1322 1459 1501 1502 Examen
1524 1459 1624 1499 vero
1649 1458 1855 1499 aliorum-n

516 1509 645 1551 trium
673 1509 859 1551 Testium
888 1511 910 1548 ἐι
937 1509 1163 1552 Defensore
1188 1510 1449 1554 ¹Profeflionis
1480 1509 1740 1554 induciorum
1768 1520 1857 1558 per-

517 1562 654 1602 aostum
672 1561 787 1604 fuisse
807 1571 976 1611 apparet
995 1563 1100 1611 apud
1118 1563 1335 1607 Vicarium
1351 1563 1578 1603 Foraneum
1595 1561 1753 1611 Oppidi
1770 1563 1854 1600 de.-

515 1615 676 1656 Rambla
693 1626 740 1654 ex
755 1614 1089 1664 subde-legatione
1106 1616 1260 1665 pariter
1278 1616 1460 1662 ejusdem
1481 1614 1641 1657 Vicarii
1670 1614 1857 1654 Genera-

514 1666 573 1709 lis
591 1666 786 1710 Cordubae
805 1680 820 1708 ,-
849 1666 957 1718 quod
974 1668 1067 1709 sane
1082 1667 1171 1710 fieri
1189 1680 1268 1709 non
1288 1668 1459 1718 potuisse
1487 1666 1675 1707 defendit
1691 1691 1705 1712 ‚
1733 1676 1857 1705 cum...

516 1718 562 1760 in
577 1719 692 1760 illius
705 1720 904 1768 potestate
920 1732 1001 1762 non
1018 1717 1117 1760 effet
1135 1745 1149 1764 ,
1179 1721 1339 1771 quando
1366 1720 1448 1769 ipse
1477 1720 1699 1770 deputatus
1717 1717 1858 1759 fuerat

519 1783 592 1820 per
603 1772 851 1821 Episcopum
864 1797 877 1818 ,
893 1771 996 1810 alios
1016 1771 1055 1811 in
1071 1772 1132 1814 sui
1148 1773 1287 1814 locum
1314 1772 1552 1817 substituere
1569 1796 1582 1817 ‚
1609 1771 1676 1812 vel
1712 1769 1856 1814 subde·-

518 1823 660 1874 legare
689 1848 704 1868 ‚
735 1832 780 1866 ut
811 1823 852 1863 in
895 1824 1084 1868 terminis
1111 1825 1296 1868 firmatur
1333 1829 1372 1864 in
1399 1827 1518 1867 addit.
1548 1825 1598 1863 ad
1628 1823 1738 1874 decis}
1762 1837 1853 1863 122.

517 1890 617 1919 num.
627 1887 690 1922 50.
712 1889 830 1916 coram
848 1876 1041 1925 Ansaldo.
1067 1877 1259 1920 Alteram
1288 1890 1388 1917 vero
1404 1879 1646 1920 nullitatem
1669 1888 1718 1917 ex
1734 1874 1854 1915 defe-

517 1930 586 1969 ἆυ
602 1928 830 1973 citationis,
846 1929 1002 1977 repetit
1019 1931 1068 1968 ab
1081 1931 1326 1975 executione
1337 1930 1551 1970 citationis
1565 1929 1670 1969 fasta
1685 1928 1730 1972 Ρ,
1748 1927 1857 1967 Prae-

513 1981 662 2023 fidenti
676 1980 915 2020 Conventus
939 1982 989 2021 de
1006 1981 1192 2029 Rambla‚
1209 1983 1367 2034 quando
1385 1983 1424 2021 in
1442 1996 1486 2022 re
1501 1982 1615 2032 gravi
1630 1981 1855 2031 respiciem-

518 2043 565 2074 te
579 2031 770 2073 interesse
788 2032 918 2072 totius
936 2033 1174 2075 Conventus
1191 2060 1204 2081 ‚
1235 2036 1276 2075 in
1296 2048 1376 2086 quo
1404 2035 1548 2078 Frater
1561 2034 1736 2085 Joannes
1765 2046 1858 2081 pro-

519 2085 644 2129 fessus
672 2087 808 2129 ‚fuerat
823 2108 837 2130 2
867 2085 990 2130 citari
1003 2088 1220 2138 oportebat
1236 2088 1366 2140 ipsum
1379 2096 1468 2132 met
1485 2087 1729 2141 Capitulum
1746 2085 1858 2126 Con-

517 2148 671 2182 ventus
687 2168 699 2183 ,
1621 2162 1626 2168 -

464 2193 535 2239 'Ab
551 2190 790 2234 extrinsecis
808 2191 1072 2234 nullitatibus
1088 2204 1135 2234 ex
1152 2192 1340 2237 Processu
1355 2193 1646 2236 resultantibus
1659 2216 1674 2237 ‚
1708 2189 1857 2230 transit

519 2241 722 2286 Defensor
740 2243 999 2286 Profeffionis
1016 2245 1067 2288 ad
1085 2246 1374 2295 probationum
1392 2245 1719 2288 irrelevantiams
1737 2242 1853 2292 affer-

521 2304 692 2347 tamque
707 2296 1056 2346 interruptionem
1072 2299 1166 2338 anni
1183 2299 1448 2348 probationis,
1463 2297 1751 2348 respicientem
1768 2295 1856 2345 pri-

519 2361 637 2390 mum
652 2348 863 2391 nullitatis
879 2348 1133 2398 professionis
1149 2360 1288 2399 caput,
1307 2361 1452 2391 nutare
1468 2359 1587 2401 putat
1613 2360 1692 2388 non
1719 2348 1857 2388 solum

520 2414 570 2445 ex
587 2400 751 2442 testium
767 2400 1039 2447 difformitate
1053 2427 1068 2449 ,
1081 2404 1121 2446 ,ὃς
1136 2404 1525 2447 contradictionibus
1539 2426 1553 2447 ‚
1573 2401 1641 2442 sed
1661 2401 1789 2443 etiam
1805 2411 1857 2441 ex
1900 2417 1901 2421 ¹

517 2453 822 2503 variationibus
840 2479 855 2500 ‚
882 2467 969 2507 quae
988 2454 1277 2505 dignoscuntur
1290 2465 1383 2497 tum
1400 2457 1441 2496 in
1455 2453 1597 2505 primis
1609 2453 1797 2503 precibus
1828 2464 1855 2492 a

520 2506 666 2549 Fratre
705 2519 837 2547 oanne
853 2507 1320 2559 huicS‚Congregationi
1333 2507 1589 2560 porreetis‚in
1604 2507 1749 2558 quibus
1765 2517 1856 2556 per-

519 2558 658 2616 spicue'
692 2558 792 2602 alsus
808 2560 863 2599 est
877 2571 949 2610 per
966 2568 1051 2601 tres
1069 2561 1285 2606 dumtaxat
1297 2561 1408 2605 vices
1435 2560 1458 2603 ὲ
1484 2559 1706 2603 conventu
1733 2557 1856 2602 aufu-

522 2609 623 2658 giffe
641 2636 656 2656 9
671 2620 762 2654 tum
781 2612 822 2654 in
841 2613 976 2661 primo
1006 2613 1150 2662 libello
1180 2617 1229 2654 ab
1245 2615 1331 2661 ejus
1360 2615 1629 2655 Procuratore
1656 2610 1859 2663 Episcopo

521 2660 770 2719 Cordubensi
787 2664 929 2708 oblato
940 2691 955 2716 ,
973 2666 1041 2708 ubi
1056 2666 1238 2721 exposuit
1248 2665 1386 2720 fugam
1400 2667 1538 2708 duabus
1554 2668 1699 2708 tantam
1711 2665 1856 2707 vicibus

510 2711 708 2761 eveniffe
723 2742 734 2757 .
1902 2723 1907 2761 ζ

1755 2767 1861 2810 Prae-o
