1934 2954
518 187 592 222 180

513 242 605 273 mat
631 256 644 276 ‚
673 231 779 284 quod
810 242 1036 281 quantunque
1056 233 1152 268 detto
1173 233 1305 268 Curato
1331 229 1488 277 pal-taff}
1514 234 1677 278 agitato,
1707 243 1726 267 e
1754 242 1853 268 com,

512 286 646 327 collem
664 311 676 331 ‚
704 295 796 335 pure
811 288 843 322 io
858 298 924 324 nou
934 286 1035 333 intest
1050 310 1062 329 ,
1089 286 1153 321 che
1187 283 1221 319 le
1249 281 1375 330 parole
1400 285 1438 318 in
1461 284 1598 331 consus&
1615 309 1628 329 ,
1652 297 1671 320 e
1699 282 1854 332 discorso

510 351 630 379 tronco
651 339 759 390 sopra
775 338 944 385 rifhrt'to:
973 336 1163 388 quodque
1180 336 1228 373 ab
1250 333 1394 374 iisdem
1410 334 1544 373 verbis
1558 359 1571 378 ‚
1592 337 1626 376 S:
1641 348 1663 375 a
1681 335 1848 385 respon-

511 393 553 432 so
575 391 672 430 dato
700 404 721 430 a
738 391 858 430 Patre
875 389 989 430 Stufa
1007 406 1034 426 z
1049 392 1090 427 ho
1105 391 1224 437 capito
1241 414 1252 432 ‚
1268 390 1309 424 ho
1322 391 1436 436 capito
1457 401 1483 420 :
1500 399 1508 425 ε
1537 396 1661 438 atque
1677 402 1698 428 a
1714 388 1850 437 fignis,

512 445 581 485 vel
599 443 764 484 nutibus
783 442 1008 484 eorundem
1025 470 1038 487 ‚
1076 442 1233 482 nullam
1250 440 1367 478 duxit
1388 439 1649 486 illationem,
1679 453 1751 479 nec
1786 453 1856 479 ‘co-

512 496 667 547 gitavit
685 496 782 548 quid
800 496 1071 546 significarent
1087 509 1100 535 5
1113 502 1231 542 putat
1243 503 1400 536 tamen,
1418 492 1655 532 consensum
1671 505 1742 542 pro
1756 505 1855 532 con-

514 549 719 588 trahendo
735 549 1004 589 Matrimonio
1019 547 1191 599 exprimi
1207 559 1287 586 non
1304 544 1409 596 poffe
1427 545 1544 595 fignis
1560 569 1573 589 ‚
1603 546 1640 585 Sc
1658 545 1824 585 nutibus
1841 572 1856 593 ‚

517 601 586 640 sed
604 601 823 642 necessaria
840 601 917 642 effe
937 604 1058 641 verba
1077 631 1086 640 .

466 657 781 697 Commemorat
800 663 962 706 quoque
982 653 1189 705 quoddam
1216 652 1435 692 Franciscae
1451 651 1693 701 Epistolium
1718 663 1858 707 concer-

516 708 668 746 nenteil
683 709 867 757 medefimo
880 708 1019 756 affare,
1050 708 1248 757 scriptum
1275 714 1372 745 ante
1406 705 1518 744 diem
1545 719 1582 754 4.
1601 702 1812 743 Februarii
1840 727 1856 747 ‚

517 773 597 811 quo
615 761 869 810 caeteroquin
887 762 945 799 ait
976 761 1014 799 se
1030 758 1194 799 tantum
1214 768 1402 809 rogatum
1422 757 1637 796 his-verbis
1654 773 1682 792 ε
1706 758 1802 795 Dite
1819 756 1856 793 al

512 814 561 851 P.
584 813 695 850 Paolo
712 838 723 856 ‚
753 814 817 850 che
832 817 864 849 io
879 814 1027 861 digiuno
1041 838 1053 855 ,
1071 814 1117 850 ed
1131 814 1161 850 il
1176 815 1310 861 Signor
1326 815 1474 851 Camino
1489 811 1576 850 vuol
1594 813 1783 860 mangiare
1801 823 1830 845 :·-·
1842 838 1853 848 .
1903 838 1909 840 -

511 865 564 902 Et
583 864 864 913 interrogatus
882 864 930 904 de
944 865 1122 913 Epistola
1137 865 1287 913 scripta
1301 864 1350 903 ad
1366 864 1582 904 Vicarium
1599 861 1856 902 Generalem

514 915 700 954 Fabriani
720 943 733 962 ,
750 922 840 955 cavb
846 918 950 965 fuori
966 931 1037 955 una
1055 927 1158 955 carta
1173 917 1312 965 dalsuo
1323 919 1528 954 Manicotto
1544 921 1557 962 (
1575 926 1620 955 ut
1640 916 1797 965 legitur
1816 913 1858 951 in

518 966 706 1009 Processu
722 968 998 1010 Remifforiali
1017 973 1030 1015 )
1046 974 1085 1007 in
1105 973 1164 1007 cui
1177 971 1319 1008 avendo
1331 971 1514 1018 guardam
1531 971 1627 1006 detto
1645 969 1858 1018 Testimonio

500 1021 723 1070 soggiunse‚
755 1023 861 1072 quod
882 1023 1000 1062 illam
1016 1023 1232 1073 scripserat
1260 1022 1308 1061 ad
1326 1021 1565 1060 diluendam
1592 1022 1666 1060 suae
1680 1019 1858 1069 compli-

511 1074 654 1113 citatis
670 1076 942 1124 suspicionem
961 1102 974 1121 ‚
1004 1077 1121 1122 cujus
1140 1075 1295 1115 intuitu
1316 1074 1452 1113 fuerat
1478 1086 1500 1112 a
1530 1073 1751 1114 Conventu
1784 1071 1861 1110 Fa-

512 1126 711 1168 brianenfi
725 1137 911 1169 remotus
929 1160 937 1167 .
970 1128 1177 1168 <laterum
1197 1127 1438 1167 confirmans
1466 1128 1583 1173 juxta
1612 1122 1859 1175 praemiffum

518 1191 689 1219 examen
706 1181 1006 1231 depositionem
1019 1180 1169 1221 fastam
1187 1181 1254 1220 die
1271 1186 1311 1220 6.
1330 1179 1570 1224 Februarii,
1603 1180 1721 1219 illam
1737 1187 1862 1217 unam

516 1231 690 1272 exarasse
706 1233 925 1282 profitetur
954 1240 1063 1280 (non
1079 1233 1319 1274 recordatus
1335 1233 1512 1272 alterius
1529 1233 1759 1281 subscriptae
1791 1227 1862 1267 dle

520 1285 840 1334 2.Septembris)
857 1298 1049 1337 repetens
1065 1287 1356 1332 iterum‚nullo
1373 1285 1496 1325 modo
1516 1284 1734 1337 percepiffe
1751 1282 1863 1323 Con-

515 1339 775 1378 trahentium
791 1342 1030 1380 consensum
1049 1371 1058 1380 .
1831 1345 1835 1349 ’

465 1389 592 1429 Alter
606 1400 751 1431 autem
768 1391 900 1431 Testis
914 1392 957 1432 P.
978 1392 1127 1433 Paulus
1145 1393 1261 1434 Stufa
1280 1418 1292 1437 ,
1312 1393 1551 1443 conquestus
1570 1392 1710 1442 &ipse
1725 1390 1777 1431 de
1792 1388 1861 1428 sna

515 1443 747 1484 dimiffione
764 1457 786 1484 a
799 1445 1020 1485 Conventa
1041 1446 1291 1486 Fabrianenfi
1308 1473 1320 1492 ,
1338 1458 1418 1485 non
1436 1445 1645 1484 inficiatur
1665 1442 1862 1483 notitiam

519 1497 717 1535 narratus
735 1497 918 1539 habitam
939 1498 978 1537 in
998 1499 1247 1549 praecedenti
1264 1498 1407 1538 Mense
1440 1498 1659 1538 Otstobriss
1676 1494 1768 1535 'Sed
1783 1494 1863 1532 im-

515 1560 679 1587 memor
711 1563 854 1589 eorum
871 1577 883 1596 ‚
915 1564 1000 1602 q‘uae
1025 1551 1238 1600 scripserat
1272 1552 1311 1590 in
1341 1552 1455 1600 supra
1485 1552 1620 1589 relata
1650 1547 1860 1598 Epistola-2

518 1600 604 1640 diei
640 1607 698 1641 18.
729 1602 840 1650 ‘Junii
872 1603 921 1641 de
952 1603 1030 1642 fide
1061 1617 1082 1643 a
1095 1604 1145 1642 -se
1184 1603 1358 1653 praestita
1396 1602 1666 1641 relationibus
1693 1599 1858 1657 sequuti

516 1653 907 1704 conjugii‚fi1·miter
923 1665 1045 1704 negat
1059 1655 1187 1695 aliam
1204 1655 1316 1694 illius
1331 1654 1528 1694 notitiam
1553 1653 1731 1694 habuifle
1766 1660 1864 1691 ante

517 1705 631 1745 diem
649 1720 686 1755 4.
707 1707 941 1746 Februarii.
961 1708 1132 1746 Fatetur
1147 1708 1308 1756 insuper
1326 1708 1580 1746 sevocatum
1594 1706 1764 1749 duabus,
1784 1705 1855 1743 vel

517 1758 649 1797 tribus
669 1759 857 1807 Epistolis
876 1759 1094 1797 francisca:
1112 1760 1159 1798 ad
1178 1759 1218 1797 P.
1238 1760 1457 1808 Josephum
1475 1759 1733 1807 scriptis5ea
1762 1757 1861 1796 die,

515 1808 689 1849 adfuisse
707 1822 802 1849 cum
824 1811 916 1851 aliis
933 1811 973 1849 in
992 1811 1128 1850 Domo
1146 1810 1325 1850 Comitis
1344 1809 1561 1850 ludovici
1579 1825 1595 1851 5
1627 1812 1666 1850 δε
1695 1810 1864 1848 cubicu-

515 1863 606 1901 lum
622 1862 852 1903 describens
870 1865 1042 1913 longum
1061 1890 1073 1910 ‚
1088 1865 1303 1915 latumque
1324 1863 1476 1913 viginti
1490 1863 1632 1913 pedes,
1648 1862 1736 1906 ait,
1753 1861 1862 1912 quod

519 1915 604 1964 ipse
619 1926 744 1965 prope
760 1919 957 1966 angulum
973 1917 1115 1956 sedens
1133 1935 1145 1962 5
1164 1918 1202 1956 &
1221 1917 1359 1955 abillo
1387 1915 1533 1955 distans
1560 1928 1630 1966 per
1659 1915 1864 1954 interme²

517 1967 631 2008 diam
651 1968 801 2009 Sedem
820 1996 832 2015 ,
850 1970 1049 2019 suppofita
1065 1969 1231 2008 Cervici
1251 1969 1384 2019 palma
1402 1970 1544 2008 versus
1574 1966 1774 2019 angulum
1802 1978 1864 2006 re-
1901 2012 1907 2019 ,

515 2022 763 2061 cumbebat:
795 2022 962 2062 sedebat
978 2022 1185 2062 Parochus
1199 2023 1316 2068 juxta
1343 2022 1530 2060 Abacum
1563 2022 1807 2061 existentem
1821 2020 1863 2058 in
1892 2024 1893 2027 ’

517 2076 704 2123 oppofito
716 2076 868 2124 angulo
886 2076 1058 2115 :Comes
1075 2074 1313 2114 Ludovicus
1329 2086 1468 2113 coram
1486 2074 1672 2113 Parocho
1687 2073 1860 2127 ‚fFranz

516 2125 622 2165 cisca
640 2128 678 2166 in
691 2128 830 2167 medio
845 2129 1039 2168 Cubiculi
1053 2129 1206 2167 stabant
1224 2140 1233 2166 ι
1249 2129 1288 2168 ὃς
1307 2127 1526 2176 inspiciens
1546 2128 1777 2177 oppositum
1790 2134 1861 2174 pa·-

518 2177 671 2219 rietem
686 2179 937 2227 spatiabatur
956 2182 995 2221 P.
1013 2181 1158 2232 Joseph
1175 2181 1242 2220 del
1260 2179 1498 2225 Massaccio,
1515 2178 1699 2218 Parocho
1715 2177 1861 2229 magis,

516 2232 642 2281 quam
662 2232 732 2279 ipfi
749 2232 857 2273 Testi
875 2235 1126 2285 propinquus
1146 2263 1155 2273 .
1175 2233 1299 2272 Hunc
1315 2235 1464 2272 statum
1493 2228 1851 2284 cujusl-ibetfuiffe'

515 2285 701 2325 recenset
715 2309 729 2328 ‚
745 2285 842 2324 dum
862 2287 942 2335 ipse
957 2288 1141 2337 quaedam
1152 2287 1236 2332 iam
1251 2286 1382 2324 oblita
1395 2284 1622 2330 meditans‚¹
1637 2281 1751 2323 totus
1768 2289 1860 2320 erat

516 2336 556 2375 in
578 2337 662 2376 illis
682 2349 692 2376 ε
708 2339 745 2377 &
760 2349 931 2387 repente
949 2340 1054 2389 quafi
1067 2352 1094 2379 e
1108 2339 1251 2377 somno
1265 2339 1475 2378 excitatus
1491 2364 1504 2383 ,
1535 2337 1638 2376 licet
1655 2337 1745 2373 hon
1763 2333 1856 2373 dor·

514 2389 643 2430 miret
663 2416 675 2435 ,
693 2389 802 2429 vidit
819 2391 1047 2431 sum-esrum
1074 2391 1307 2430 Paro'chum
1332 2391 1473 2441 aliqua
1502 2390 1624 2429 verba
1646 2385 1857 2437 proferen-

512 2451 601 2481 tem
616 2468 627 2488 ‚
645 2442 818 2493 sed'ipse
831 2444 962 2484 solum
980 2443 1140 2484 audivit
1162 2446 1246 2482 haec
1265 2460 1302 2481 1:
1326 2444 1516 2490 infaciem
1545 2440 1729 2492 Ecclefiae:
1758 2441 1860 2491 chefi

509 2495 732 2544 septu-affero
751 2507 792 2534 :o
811 2497 1025 2549 altrefimili
1044 2512 1064 2536 a
1079 2498 1216 2547 queste.
1254 2524 1255 2527 =
1298 2512 1301 2513 ⁷
1319 2501 1321 2504 ⁴
1340 2499 1349 2524 ”-·
1380 2520 1388 2532 ι
1515 2510 1520 2530 1
1570 2493 1573 2497 ’
1591 2493 1611 2526 »³

463 2545 618 2585 Narrat
649 2561 812 2598 quoque
838 2551 999 2601 reliqua
1013 2549 1102 2590 fere
1118 2550 1286 2592 omnia„
1316 2562 1402 2598 qnae
1417 2543 1680 2601 recensentur
1699 2544 1738 2584 in
1758 2541 1856 2593 Epi-²

512 2597 612 2634 stola
628 2611 649 2637 a
666 2599 707 2638 P.
727 2601 903 2650 losepho
923 2603 990 2641 del
1005 2600 1227 2643 Maffaccio
1244 2602 1393 2651 scripta
1403 2601 1473 2638 die
1495 2609 1552 2639 15·
1571 2595 1681 2646 Juffll
1699 2621 1711 2640 5
1725 2596 1859 2635 solum

517 2646 669 2686 addens
688 2674 701 2692 5
715 2652 876 2694 dolenti
896 2655 1113 2695 Franciscae
1134 2655 1264 2704 ipsum
1293 2647 1534 2702 respondisse
1557 2664 1585 2684 ·-·
1612 2650 1858 2698 Lepazziefi

509 2700 622 2747 sunm
638 2714 665 2735 Ξ
679 2728 688 2738 ·
706 2698 845 2751 lnquit
861 2702 1425 2754 p1·aeterea‚ideo'respondi-fle
1443 2701 1486 2744 P.
1503 2700 1675 2750 Josepho
1687 2717 1715 2738 =
1733 2705 1775 2739 ho
1795 2711 1858 2739 caa-

509 2756 588 2801 pito
602 2777 614 2798 2
645 2753 687 2790 ho
703 2758 818 2802 capito
837 2771 865 2792 :
884 2783 895 2802 ‚
916 2759 1010 2812 quia
1029 2760 1168 2797 avendo
1183 2757 1340 2805 intefui}
1353 2756 1493 2799 Curato
1509 2759 1522 2801 (
1551 2753 1641 2795 sunt
1659 2756 1746 2801 ejus
1761 2766 1858 2843 vber-

1803 2817 1823 2844 ²²
1843 2809 1856 2853 )
