1934 2954
496 207 509 230 ι
523 195 570 229 16

442 241 597 283 {serum
614 254 686 292 pro
705 249 819 291 parte
836 240 1075 281 Monasterii
1094 241 1246 281 Sanftae
1263 241 1494 281 Catharinae
1516 242 1566 281 de
1588 243 1703 282 Senis
1721 244 1839 283 exci-

485 296 599 345 pitur
616 322 628 342 ,
656 296 766 346 quod
784 294 991 334 sententia
1008 295 1102 333 anni
1124 300 1190 334 161
1206 309 1238 334 1.
1268 295 1451 344 suspensa
1465 295 1546 334 fuit
1561 307 1632 344 per
1649 297 1840 346 appella-

482 349 662 392 tionem,
677 361 756 400 qua
771 348 979 397 pendente
1006 347 1152 387 Petrus
1171 347 1322 386 Paulus
1339 347 1711 399 Benignissssarnabae
1740 349 1840 388 Doa

482 401 665 441 natarius
693 401 944 451 supplicavit
963 401 1132 440 Summo
1152 399 1347 439 Pontifici
1373 417 1400 437 =
1429 416 1450 438 a
1467 402 1604 440 volerlo
1621 411 1834 440 ammettere

484 468 506 491 a
521 455 675 504 qualche
690 455 946 504 compostzjone
969 469 997 489 ε
1011 480 1026 499 ,»
1054 453 1268 504 utlegitur
1299 453 1341 492 in
1353 453 1638 504 Chirographo
1657 481 1670 499 ‚
1697 456 1736 495 ὅ(
1769 455 1832 492 la-

481 507 566 546 tius
596 507 636 546 in
650 508 921 548 Instrumento
937 506 1135 546 Cessionis
1150 521 1164 548 ‚-
1181 506 1357 557 ideoque
1372 507 1640 547 contenditur
1654 532 1668 551 ‚
1686 506 1832 546 ceffio-

484 568 583 599 nem
597 559 830 609 proeffet‘ru
854 559 1162 608 compositionis
1189 560 1406 611 sequutam
1425 584 1437 603 ‚
1471 560 1631 598 etiamsi
1662 560 1831 599 nomine

483 611 653 662 proprio
667 622 922 663 reportatam
939 626 962 652 a
979 612 1104 652 Petro
1120 612 1248 652 Paulo
1263 639 1276 658 ,
1302 625 1384 651 non
1412 612 1482 662 ips1
1511 610 1693 660 prodesse
1714 638 1727 658 ,
1759 611 1829 651 sed

482 665 720 706 haereditati
739 693 753 712 ‚
778 679 826 706 ex
839 666 1012 706 firmatis
1026 678 1097 715 per
1112 665 1247 704 Rotam
1259 670 1297 704 in
1311 666 1424 716 decis.
1436 677 1506 710 105
1519 680 1532 704 1
1543 696 1553 705 .
1571 678 1708 704 mmm.
1729 667 1773 709 ὠ·
1789 677 1832 707 3.

481 731 604 756 coram
616 721 769 758 Emerix
785 718 884 769 Jun..
901 744 915 765 ‚
945 723 984 757 in
999 719 1110 768 deczjs.
1121 733 1134 757 1
1146 725 1206 758 28.
1222 732 1350 758 numa
1362 733 1396 757 1.
1412 731 1534 756 coram
1547 721 1726 763 Kaum'tz,
1742 740 1758 762 5
1785 719 1832 760 ὠ·

478 772 876 820 ᾰεειζΙζς96.ηιινιι.;ις.
893 785 1011 810 coram
1030 774 1209 811 Lancetta
1224 786 1239 813 ‚-
1269 772 1495 822 praesertim
1517 771 1610 823 quia
1639 767 1830 826 iura-Ca-

478 834 606 864 merae
632 825 841 874 pendente
858 824 1142 874 appellatione
1175 834 1294 865 erant
1311 824 1520 875 litigiosa,
1550 822 1704 864 &ideo
1730 822 1831 860 1110·

478 887 573 914 rum
602 875 725 917 ceffio
753 878 887 917 solum
900 887 1096 927 operatur
1113 878 1394 918 remotionem
1410 876 1606 916 obstaculi
1623 875 1713 915 litis
1729 884 1832 923 pen-

474 926 618 968 dentis
634 954 647 974 ,
676 937 722 969 ut
740 929 1018 970 Ceffionarius
1034 931 1137 970 bona
1168 929 1367 980 poffidere
1383 928 1514 980 poffet
1546 942 1594 969 ex
1626 927 1827 978 primaevo

473 980 606 1022 titulo
624 983 893 1023 haereditario
912 998 926 1029 ·‚
952 983 1002 1021 ad
1019 983 1102 1022 late
1117 983 1272 1022 tradita
1300 996 1373 1033 per
1388 985 1522 1021 Rotam
1552 986 1591 1020 in
1605 981 1717 1029 decas.
1731 984 1828 1023 650.

478 1046 619 1073 numa.
637 1036 771 1084 &seffi
788 1049 907 1073 coram
919 1036 1028 1073 Cerro
1043 1059 1061 1079 ‚
1091 1039 1139 1080 &¹
1159 1040 1198 1074 in
1214 1035 1427 1074 ferrarien.
1444 1036 1674 1083 Immiffi'onis,
1694 1046 1729 1076 3.
1750 1031 1827 1082 ‘Ju-

475 1084 522 1122 lii
549 1098 667 1132 1733.
682 1095 762 1135 524.
782 1090 826 1130 (ἔγ
843 1097 880 1130 5.
899 1101 1018 1125 coram
1031 1088 1368 1128 clar.mem.·Card.
1389 1090 1515 1127 Corio:
1545 1099 1591 1126 ac
1614 1084 1829 1136 stipulatio

467 1145 535 1186 pro
539 1136 618 1185 se,
631 1137 786 1189 suisque
813 1140 1038 1178 Haeredibus
1069 1141 1375 1191 quibuscumque,
1402 1140 1619 1189 praeservat
1635 1147 1830 1178 tantum-›

470 1188 732 1230 Ceffionario
758 1192 823 1237 jus
868 1193 1136 1241 recuperandi
1163 1194 1365 1233 summam
1393 1193 1572 1232 solutam
1613 1193 1830 1231 occasione

473 1242 770 1282 transactionis
785 1270 801 1291 ‚
830 1247 929 1284 Rota
955 1246 1066 1293 dectjs.
1084 1259 1292 1295 414.num.
1320 1251 1382 1286 16.
1409 1249 1452 1290 &¹
1472 1247 1622 1295 sequen.
1639 1254 1741 1295 part.
1763 1256 1828 1292 19.

473 1293 632 1335 Recent.

419 1342 476 1387 Et
489 1347 692 1399 quidquid
705 1348 754 1387 fit
782 1348 834 1388 de
849 1348 1023 1388 decreto
1038 1347 1430 1400 CuriaeEpiscopalis
1449 1349 1565 1390 edito
1581 1362 1686 1389 anno
1705 1352 1828 1396 1627,

472 1401 589 1446 cujus
610 1400 746 1440 exitus
774 1400 989 1450 ignoratur
1006 1428 1019 1448 ,
1050 1402 1188 1451 potior
1215 1402 1293 1443 effe
1317 1402 1504 1443 subditur
1519 1401 1715 1442 confeffio
1745 1427 1759 1447 ‚
1787 1401 1828 1440 Sc

467 1453 632 1502 agnitio
648 1451 1030 1502 Primogen'itorum
1046 1479 1059 1499 ‚
1093 1455 1164 1506 qui
1179 1454 1219 1493 in
1238 1455 1402 1505 Judicio
1418 1480 1430 1499 ‚
1463 1457 1502 1495 ἃ
1521 1465 1636 1495 extra
1664 1454 1828 1503 semper

469 1503 751 1545 defenderunt
768 1505 877 1545 Bona
893 1533 906 1552 ‚
941 1507 1004 1546 uti
1021 1506 1346 1557 Primogenialia
1362 1508 1550 1548 Barnabae
1566 1534 1578 1554 ‚
1598 1516 1644 1545 ut
1662 1506 1827 1556 praeser-

469 1557 550 1597 tim
571 1557 772 1598 evincunt
791 1559 1016 1600 decisiones
1035 1560 1075 1599 in
1095 1561 1491 1601 Camerinen.Cautelae
1504 1560 1650 1609 Angeli
1666 1559 1823 1608 4.Mar-

468 1614 518 1649 tii
536 1615 651 1660 1746.
672 1636 685 1657 ,
715 1614 758 1656 ἐν
776 1614 816 1650 in
837 1615 1065 1653 Camerinen.
1080 1615 1296 1664 Immiffionis
1314 1628 1348 1659 5.
1367 1616 1585 1657 Februarii,
1604 1615 1647 1657 ὠ·
1665 1626 1725 1660 14.
1749 1611 1825 1662 Ju-

466 1667 524 1701 m'i
540 1678 554 1702 1
566 1669 658 1713 748.
692 1678 812 1703 coram
829 1667 905 1704 bon.
922 1679 1026 1705 mem.
1042 1670 1294 1706 Vicecomite:
1324 1668 1477 1718 quique
1507 1668 1647 1716 legata
1663 1665 1822 1703 etiam..

464 1725 669 1773 perpetua
686 1730 758 1766 per
773 1717 996 1758 Barnabam
1010 1720 1152 1760 relidia
1181 1721 1339 1771 jugiter
1355 1721 1567 1760 solverunt
1583 1743 1597 1765 ‚
1627 1724 1674 1757 ut
1689 1717 1821 1757 osten-

462 1768 529 1807 dit
545 1770 729 1808 calculus
744 1783 764 1809 a
780 1771 929 1820 Jacobo
945 1772 1149 1812 exhibitus
1180 1773 1230 1812 ad
1261 1772 1569 1813 extenuandum
1598 1770 1820 1809 valorem...

462 1821 723 1862 haereditatis
739 1824 900 1864 ratione
917 1825 1136 1864 solutionis
1151 1825 1379 1866 eorundem
1393 1825 1647 1875 Legatorum
1664 1823 1726 1862 z&
1745 1823 1817 1873 qui

462 1874 632 1913 demum
659 1878 973 1916 controversum
1002 1879 1228 1918 Subsidium
1262 1877 1590 1929 frequentiffime
1620 1874 1820 1924 praestite-

461 1936 559 1965 runt
576 1930 667 1966 tum
685 1927 930 1970 immediate
945 1933 1027 1980 post
1043 1931 1276 1972 Ceffionem
1291 1931 1554 1971 Cameralem
1568 1940 1673 1968 anno
1693 1931 1817 1971 1612,

460 1977 499 2019 Sc
517 1981 600 2028 post
620 1980 852 2021 Decretum
879 1983 1013 2023 Curiae
1031 1984 1282 2034 Episcopalis
1317 1997 1423 2024 anno
1452 1988 1569 2023 1628.
1586 2006 1600 2026 ‚
1629 1989 1722 2020 tum
1751 1981 1814 2020 se-

459 2033 682 2082 quentibus
698 2035 812 2074 annis
843 2036 967 2087 usque
985 2036 1032 2076 ad
1051 2039 1135 2076 haec
1155 2037 1370 2077 noviffima
1387 2046 1579 2084 tempora
1594 2059 1610 2080 φ
1638 2041 1686 2072 Ut
1715 2045 1812 2083 pro-

459 2086 559 2124 bant
578 2084 849 2127 Instrumenta
866 2089 1164 2129 liberationum
1184 2091 1365 2129 exhibita
1382 2115 1396 2136 ,
1422 2090 1566 2139 quibus
1595 2094 1814 2135 contrapo-

457 2138 500 2176 ni
524 2149 739 2189 nequeunt
765 2140 904 2181 Testes
931 2141 1184 2182 affirmantes
1213 2155 1293 2182 non
1318 2142 1492 2192 reperiri
1519 2139 1810 2181 mentionem

457 2192 579 2236 hujus
597 2191 769 2231 Subfidii
797 2193 837 2231 in
851 2194 1138 2236 instrumentis
1157 2196 1334 2235 Dotium
1357 2196 1586 2235 solutarum
1600 2190 1810 2230 Monaste-

456 2244 520 2283 rio
535 2268 548 2286 ‚
578 2244 673 2293 quia
691 2257 792 2293 opus
809 2259 889 2285 non
905 2257 997 2286 erat
1015 2249 1054 2287 in
1074 2250 1138 2288 his
1152 2258 1342 2298 repetere
1374 2248 1630 2288 mentionem
1662 2253 1808 2290 prove·

455 2296 623 2336 nientiae
643 2297 813 2336 Subfidii
830 2324 843 2343 ,
874 2298 927 2338 de
951 2303 1069 2346 cujus
1085 2302 1298 2341 solutione
1318 2301 1569 2342 sufficienter
1596 2297 1806 2337 constabat

454 2361 504 2388 ex
521 2350 608 2398 ipfis
627 2350 873 2399 quietantiis
892 2380 900 2390 .
932 2352 985 2390 Et
1002 2355 1154 2392 mirum
1169 2366 1247 2392 non
1265 2354 1401 2395 videri
1417 2351 1670 2395 defenditur,
1690 2351 1804 2401 quod

452 2414 533 2441 non
558 2403 714 2442 constet
730 2401 781 2442 'de
800 2404 1008 2444 solutione
1029 2407 1191 2454 peracta
1206 2407 1372 2457 fingulis
1385 2406 1498 2446 annis
1512 2430 1524 2450 ,
1554 2412 1645 2443 tum
1673 2403 1802 2453 quia-2

452 2463 680 2500 potuerunt
696 2456 843 2504 exponi
859 2457 1100 2507 quietantiae
1116 2471 1186 2508 per
1200 2460 1449 2510 syngraphas
1465 2457 1647 2505 privatas
1676 2467 1698 2494 a
1727 2456 1801 2495 Be·-

450 2508 595 2556 nignio
619 2517 803 2548 retentas
821 2534 833 2555 ‚
864 2518 955 2548 tum
971 2511 1066 2561 quia
1081 2512 1325 2561 paucisfimae
1339 2514 1428 2551 sunt
1454 2509 1608 2548 Puellae
1640 2508 1801 2548 dietum

449 2558 745 2600 Monasterium
776 2561 952 2612 ingreffae
972 2587 986 2608 ‚
1015 2564 1373 2614 septuagenarium
1402 2574 1620 2602 numerum
1656 2562 1698 2600 in
1725 2563 1802 2603 de-

449 2611 570 2648 cursu
586 2622 757 2652 centum
773 2625 972 2654 annorum
988 2627 1068 2655 non
1081 2617 1352 2663 excedentes,
1370 2627 1541 2667 quarum
1559 2615 1705 2667 aliquae
1723 2628 1798 2666 po-

450 2668 622 2701 tuerunt
641 2664 823 2704 Subfidio
840 2678 921 2704 non
941 2669 1127 2718 indigere
1145 2699 1155 2708 .

398 2711 546 2761 Qoad
563 2714 849 2756 reduffionem
864 2720 966 2758 vero
980 2719 1192 2760 fidendum
1207 2733 1286 2760 non
1303 2719 1381 2761 effe
1396 2723 1666 2771 praetenditur
1683 2723 1794 2764 exhi-

448 2767 535 2808 bito
567 2767 760 2814 calculo,
790 2778 881 2809 tum
913 2771 1008 2822 quia
1039 2772 1145 2814 ineo
1164 2773 1361 2815 deficiunt
1393 2776 1603 2825 pensiones
1634 2778 1792 2871 Βοέυε

1745 2843 1792 2871 a-
