1934 2954
85 172 198 211 Nam
231 177 275 205 cx
302 162 432 202 Libris
452 162 680 209 Hospitalis
711 165 916 206 Imojensis
950 174 1180 215 apparent,
1214 172 1327 214 juxta
1362 134 1477 213 &¹114ss

143 223 271 261 bitam
300 214 466 273 Notarii
499 215 649 262 fidem,
681 219 890 258 veffiones
921 220 1079 259 centies
1099 244 1111 263 ‚
1141 221 1359 262 biscenti‘es
1379 252 1388 269 ,
1430 238 1475 265 ac

141 269 364 328 tercenties
399 281 436 315 in
455 268 618 317 lingulis
646 271 869 319 respefftive
899 273 1012 311 annis
1043 274 1257 321 persolutae
1288 287 1364 315 aere
1383 290 1476 325 pro·

139 324 230 374 prio
262 320 442 378 eiusdem
472 321 728 370 Hospitalis,
758 324 804 363 ab
836 337 939 363 anno
962 330 1071 372 1691.
1104 326 1225 376 usque
1254 328 1304 365 ad
1336 327 1477 368 diem.,

142 374 372 417 interdicti,
387 374 594 431 occalione
611 374 835 416 delationis
851 377 1163 427 Peregrinorum
1185 380 1474 427 aegrotantium

142 442 166 468 a
188 425 357 484 »praefato
375 426 581 484 Hosp¹.t³li
612 426 661 465 ad
689 429 801 468 aliud
833 431 871 470 S.
888 430 1114 469 Catharinae
1131 431 1255 470 Casti-l
1285 431 1324 469 S.
1344 431 1476 478 Petri,

142 493 190 522 ac
207 490 333 519 etiam
350 479 648 537 adUCivitatem
665 479 850 520 Bononia:
866 496 875 521 ε
890 484 928 522 Sc
945 483 984 521 id
1002 483 1128 530 ipsum
1145 483 1327 522 referunt
1345 485 1477 523 etiam

144 534 284 573 Testes
304 556 316 573 ‚
345 545 415 589 qui
431 532 639 580 Hospitali
668 533 967 581 inservierunt,
998 548 1042 574 ac
1061 537 1231 574 testatur
1248 535 1472 583 Episcopus

82 636 87 639 ᾖ
144 585 352 641 Imolenfis
382 597 419 623 in
452 584 675 642 transmilsa
707 587 939 628 relatione,-
979 600 1101 638 quem
1129 589 1241 626 usum
1261 613 1273 631 ‚
1301 599 1477 628 conten-

140 639 245 678 dunt
264 663 277 681 α
301 649 388 694 Ylm
423 637 526 686 legls
553 637 764 682 obtinere,
793 652 866 678 nec
897 638 976 678 esse
995 640 1326 680 immutandum:
1355 654 1470 679 non-2

139 690 384 748 obstantibus
400 687 554 747 assertis
567 689 833 738 querimoniis
850 718 863 736 ‚
893 693 931 732 Sc
950 693 1155 732 contrario
1175 692 1287 731 Instit
1297 701 1369 731 uto
1387 693 1477 731 Ho-

140 742 299 801 spitalls
324 742 448 780 Castrl
477 741 516 780 S·
539 741 652 780 Petri
670 765 682 784 s
707 742 758 782 de
786 745 928 794 quibus
957 758 1035 784 non
1064 747 1244 784 constat.
1270 745 1477 784 Praeterea

139 793 339 835 differunt
366 818 379 837 2
424 792 532 844 quod
558 793 774 851 Hospitale
810 797 1010 837 Imolense
1055 798 1237 845 pluribus
1284 797 1474 837 oneribus
1494 831 1500 836 .

140 855 387 906 gravatum,
429 847 559 884 solum
589 847 739 895 viginti
774 859 950 900 quatuor
979 849 1124 889 Let‘tos
1157 852 1308 888 struere
1330 851 1472 889 valeti

141 903 182 959 ὃς
212 899 307 958 ¹ideo
343 900 369 936 fi
397 897 513 955 laiso<
537 897 777 948 Peregrinos
805 902 986 942 retinere
1015 912 1232 951 cogeretur
1273 902 1396 951 usque
1424 901 1475 939 ad

140 963 297 993 virium
325 960 624 1009 repreatJOUCm
643 976 655 994 ³
685 952 995 993 decrementum
1013 954 1118 994 ferre
1135 955 1303 993 deberet
1322 954 1473 1000 Hospi-

138 1006 238 1046 talis
266 1003 567 1062 Patrimomurn
584 1027 597 1049 ‚
623 1005 692 1061 yel
709 1005 947 1056 deneganda
976 1007 1099 1046 essent
1119 1008 1209 1046 loca
1227 1006 1474 1054 pauperibus

137 1057 312 1097 Infirmls
327 1058 722 1115 supervenientibus,
740 1072 913 1109 quorum
931 1061 1110 1100 alterum
1125 1060 1366 1098 oeconomiae
1387 1083 1399 1103 ‚
1416 1059 1475 1096 al·-

144 1120 280 1151 terum
296 1117 481 1160 aequltatl
501 1119 726 1159 repugnat.

89 1164 144 1204 Et
158 1163 330 1220 minime
360 1163 508 1201 obstare
537 1171 710 1211 putant,
740 1164 1035 1204 resolutionem
1067 1165 1185 1210 hujus
1218 1163 1344 1201 Sacrae
1360 1162 1472 1201 Con-

141 1215 395 1267 gregationis
427 1217 464 1250 in
477 1216 681 1254 Viterlaien.
699 1243 711 1260 ‚
733 1217 801 1264 sea
817 1219 955 1255 Montis
971 1217 1109 1266 Falisci
1136 1214 1387 1266 Hospitalium
1408 1228 1473 1257 25·

144 1270 327 1319 Januarii
345 1279 458 1326 ξγςς.
475 1292 487 1310 ,
518 1279 596 1317 qua
623 1269 861 1315 prohibetur
880 1269 1137 1308 infirmorum
1165 1266 1406 1306 transmissio
1420 1268 1473 1305 de

146 1335 229 1361 uno
245 1319 294 1360 ad
307 1320 419 1359 allud
435 1320 652 1369 Hospitale
668 1333 682 1359 ‚·
712 1321 804 1371 quia
821 1322 942 1359 modo
969 1321 1242 1360 controversia
1257 1331 1336 1356 non
1355 1320 1408 1357 est
1423 1318 1478 1357 de

146 1373 323 1413 Infirmis
340 1399 352 1419 ,
384 1372 450 1412 sed
466 1373 516 1412 de
535 1372 731 1411 Invalidis
755 1373 1055 1412 trasmittendis
1075 1397 1088 1416 ‚
1119 1372 1187 1424 qui
1203 1382 1250 1410 ex
1279 1371 1477 1408 convale-

145 1426 304 1467 scentia
324 1452 336 1471 ‚
352 1426 420 1465 vel
437 1424 645 1465 senectute
662 1452 674 1471 ,
694 1435 764 1465 aut
781 1427 861 1464 alia
872 1425 922 1464 de
941 1427 1054 1465 causa
1074 1426 1316 1473 languentes
1332 1447 1344 1464 ³
1363 1422 1477 1461 ince-

145 1478 244 1518 dere
258 1486 336 1517 non
352 1478 494 1516 valent
524 1478 690 1526 pedibus
705 1479 783 1517 suis
799 1508 808 1516 .
836 1479 893 1517 At
907 1479 930 1516 fi
949 1480 1137 1527 abrogare
1157 1475 1365 1514 noluerint
1384 1474 1476 1512 Erhi

140 1531 284 1571 Patres
302 1529 568 1569 interdicstum
582 1531 677 1569 anni
701 1543 813 1577 1753.
831 1557 843 1575 ‚
869 1532 1072 1580 postulant
1097 1529 1241 1568 saltem
1261 1526 1476 1566 Officiales

144 1583 369 1625 Imolenses
384 1607 399 1627 ‚
429 1592 473 1622 ut
490 1583 593 1621 illud
622 1584 865 1623 extendatur
882 1584 932 1622 ad
959 1584 1039 1621 alia
1057 1581 1330 1620 finitimorum
1346 1578 1478 1616 Loco-

142 1649 235 1676 rum
254 1635 487 1685 Hospitalia
503 1659 515 1678 ‚
546 1645 589 1673 ut
605 1636 749 1674 suadet
770 1635 878 1674 ratio
905 1634 1108 1673 servandae
1128 1631 1376 1683 aequalitatis
1396 1657 1408 1674 ‚
1437 1631 1476 1669 ὃς

140 1689 435 1729 consuluerunt
453 1687 640 1736 Episcopi
657 1688 905 1727 Faventinus
923 1712 937 1731 ‚
969 1689 1006 1727 Sc
1022 1686 1228 1725 Imolenfis
1244 1698 1259 1724 ,-
1289 1696 1363 1722 nec
1382 1694 1480 1721 cen-

140 1742 232 1790 sent
260 1739 540 1778 adhaerendum
567 1739 646 1779 effe
686 1740 932 1778 distinctioni
966 1740 1175 1786 propofitae
1206 1738 1255 1774 ab
1282 1735 1479 1773 Eminen-

142 1791 303 1833 t‘issimo
325 1790 648 1838 Archiepiscopo
674 1791 863 1829 Bononiae
881 1815 893 1832 ‚
920 1790 1028 1827 inter
1045 1787 1275 1834 Hospitalia
1290 1786 1479 1824 Infirmo-

145 1856 238 1884 rum
254 1867 273 1887 2
297 1844 334 1881 8<
352 1842 432 1880 alia
451 1865 463 1884 ‚
496 1841 535 1878 in
556 1843 696 1890 quibus
724 1841 799 1879 soli
817 1840 1023 1889 Peregrini
1053 1838 1312 1887 excipiuntur
1328 1850 1343 1876 ,·
1378 1837 1476 1886 quia

146 1908 228 1935 non
255 1895 306 1934 de
326 1893 499 1932 Infirmis
513 1918 525 1936 ,
558 1894 625 1932 sed
655 1894 705 1932 de
723 1892 953 1941 Peregrinis
979 1892 1113 1941 agitur
1127 1914 1140 1933 ‚
1169 1898 1214 1927 ut
1235 1889 1388 1927 diStum
1408 1890 1477 1932 est,

145 1959 321 2039 quii'rum
339 1945 524 1996 languori
541 1947 668 1986 etiam
686 1944 918 1994 Hospitalia
934 1942 1249 1993 Peregrinorum
1265 1940 1479 1983 consulere
1535 1985 1541 1989 ¹

178 2013 203 2039 o
239 2008 312 2038 unt
329 2027 338 2038 .
694 2005 696 2031 ῑ
731 2029 743 2033 ,

99 2013 315 2103 Εκῖίρὶωι·
338 2058 480 2089 autem
512 2051 676 2090 nomine
708 2047 940 2097 Hospitalis
967 2047 1005 2086 S.
1030 2046 1143 2086 Petri
1167 2071 1181 2091 ,
1209 2044 1480 2093 abrogandam

150 2118 231 2147 non
249 2102 330 2156 effe
342 2101 602 2141 Pontificiam
620 2102 773 2151 Legem
799 2099 895 2139 anni
913 2111 1025 2146 1753.
1041 2113 1055 2139 ,-
1083 2098 1176 2150 quia
1207 2097 1482 2136 consentanea

152 2160 207 2199 est
242 2156 433 2195 instituto
459 2155 689 2204 Hospitalis
731 2153 938 2191 Imolenfis
967 2150 1203 2194 retinendi,
1231 2148 1483 2198 curandique

151 2209 338 2251 Infirmos
356 2233 369 2253 ‚
387 2208 593 2258 quousque
604 2206 867 2246 Medicorum
879 2204 1034 2250 judicio
1046 2202 1274 2242 constiterit
1292 2227 1304 2244 ‚
1321 2202 1483 2249 chestano

152 2263 312 2313 risanati
326 2260 452 2309 affatto
465 2286 478 2304 ‚
499 2270 543 2298 ut
561 2260 716 2310 legitur
733 2259 773 2296 in
791 2256 971 2297 exhibita
988 2254 1336 2309 Constitutionum
1360 2252 1485 2298 parti-

153 2316 249 2356 cula
261 2340 274 2358 ‚
289 2316 383 2353 cum
398 2312 506 2351 dista
518 2313 641 2352 verba
656 2314 782 2351 etiam
801 2308 1174 2351 convalescentiam
1192 2304 1406 2344 includere
1420 2303 1522 2356 Vj‘xs
1572 2320 1575 2321 ⁷

151 2367 344 2412 deantur,
359 2368 474 2412 juxta
490 2365 694 2404 monitum
711 2366 815 2402 Rotae
830 2366 867 2400 in
881 2362 1045 2410 decis.43
1057 2375 1089 2399 1.
1100 2373 1136 2398 n.
1147 2374 1204 2396 10.
1215 2367 1341 2406 par.4.
1356 2358 1523 2405 mmai-2·

152 2421 306 2459 Recent.
324 2432 338 2458 ,-
365 2418 416 2456 Et
434 2418 526 2468 quia
555 2417 751 2456 convenit
780 2426 874 2454 cum
892 2413 1083 2452 Instituto.
1111 2411 1237 2450 etiam
1255 2407 1483 2458 Hospitalis

152 2472 280 2511 Castri
298 2471 336 2510 S.
354 2470 493 2515 Petri,
521 2469 628 2517 quod
643 2469 776 2508 nullos
807 2468 955 2505 habens
984 2464 1140 2505 reditus
1160 2488 1172 2507 ,
1199 2462 1302 2500 solos
1331 2460 1486 2508 excipit

151 2522 374 2575 Pereginos
392 2524 432 2561 in
448 2523 644 2562 destinata
662 2520 816 2563 Domo,
836 2531 884 2557 ne
900 2525 1090 2556 maneant
1109 2516 1177 2554 sub
1191 2513 1310 2552 Coelo
1323 2521 1485 2568 aperto,

155 2585 203 2617 ut
229 2576 471 2615 enunciatur
499 2575 537 2613 in
554 2573 706 2612 Literis
730 2570 822 2610 antii
843 2583 954 2616 1753.
973 2595 985 2614 ‚
1016 2569 1052 2607 ἃ
1086 2567 1125 2606 in
1152 2566 1355 2605 relatione
1375 2565 1485 2603 Emi-

157 2628 381 2668 nentiffimi
397 2625 706 2675 Archiepiscopi
721 2623 977 2662 Bononienlis
993 2651 1002 2660 .
1016 2621 1068 2659 Et
1083 2617 1363 2662 contenditur,
1381 2616 1485 2657 nihil

152 2679 321 2720 officere
335 2681 633 2721 observantiam
652 2702 667 2723 ,
696 2688 790 2717 cum
804 2687 882 2715 non
897 2676 945 2716 fit
962 2671 1302 2723 immemorabilis
1320 2695 1334 2716 ,
1352 2680 1484 2725 nequ-e

1374 2732 1489 2770 paci-
