1934 2954
516 109 563 140 22

513 143 837 194 ejusdemLocis
867 145 1113 200 eosdemque
1133 146 1404 196 Cappeilanos
1421 148 1558 189 voluit
1593 149 1667 189 esse
1687 153 1848 191 amovi—

512 201 615 239 biles
628 200 678 240 ad
689 209 835 239 nutum
850 225 861 244 ,
888 210 1012 251 atque
1030 200 1274 240 Sacerdotes
1295 201 1507 241 Seculares
1525 228 1537 247 ‚
1568 212 1635 242 aut
1670 203 1847 252 Regula—

514 263 578 292 res
593 264 603 289 t
621 251 826 304 affignatis
845 253 1012 292 illorum
1033 253 1157 292 alteri
1176 253 1453 302 pinguioribus
1470 255 1780 301 emolumentis,
1801 265 1848 295 ut

511 304 684 345 doceret
701 305 829 354 prima
845 306 1008 355 legendi
1025 330 1038 349 ‚
1060 305 1372 356 scribendique,
1402 307 1440 345 Sc
1466 307 1757 347 Arithmeticoe
1784 322 1848 347 ru-

515 357 705 397 dimenta
719 385 731 404 ‚
750 359 1075 397 Grammaticam
1095 385 1106 403 ,
1139 358 1473 398 &Humaniores
1489 359 1650 399 Literas
1678 376 1698 398 a
1726 372 1848 398 trenta

518 412 628 450 Pam·
639 412 786 461 piccioli
804 414 849 448 de
864 416 878 448 ἑ
886 413 954 461 pit>
962 413 1088 459 paveri
1102 411 1163 450 del
1182 413 1300 460 Luogo
1316 437 1328 457 ,
1348 426 1366 449 e
1380 414 1496 460 Borgo
1509 413 1546 448 di
1566 414 1688 452 Voltri
1709 440 1720 459 ,
1736 419 1814 452 nati
1829 441 1844 460 ‚

519 463 567 500 ed
583 465 740 501 abitanti
754 469 791 501 in
806 468 852 503 V
847 464 930 502 altri
946 494 955 503 .

461 514 529 557 Ad
555 513 879 566 affequutionem
906 529 1005 557 vero
1031 517 1254 558 earundem
1286 517 1650 566 Cappellaniarum
1677 519 1847 559 vocavit

513 567 692 617 primum
723 568 1030 609 Descendentes
1060 584 1082 610 a
1110 571 1314 610 Bernardo
1343 570 1532 620 Cappelli
1563 571 1713 611 Patruo
1745 573 1813 611 suo
1833 583 1845 610 :

514 631 609 659 mox
627 620 778 661 Pueros
796 622 975 668 ejusdem
994 623 1167 668 Scholae,
1185 624 1248 663 his
1265 624 1398 664 verbis
1415 640 1441 660 =
1458 624 1716 662 Similmentei
1735 627 1844 662 Parta·

515 674 557 709 di
575 674 679 711 detta
692 675 828 713 Scuola
845 701 857 721 ‚
873 676 917 723 se
936 677 1098 725 saranno
1125 679 1286 716 Chierici
1311 677 1475 716 Sec-olari
1491 703 1503 722 ,
1529 677 1671 726 poffano
1697 676 1846 724 effere.»

513 727 675 764 ordinati
690 753 702 774 ‚
734 730 919 778 epromcjffi
943 730 1017 778 agli
1035 731 1174 769 Ordini
1188 733 1303 769 Sacri
1320 745 1342 768 a
1355 731 1456 768 titolo
1487 730 1527 766 di
1544 731 1642 766 dette
1658 729 1846 778 cappella-

515 782 575 816 m'e
597 794 625 815 =
651 810 661 818 .
703 780 758 819 Et
791 782 832 820 in
861 781 1030 821 illorum
1064 782 1272 823 defeetum
1308 782 1510 822 substituit
1537 780 1848 822 Descendentes

514 843 537 870 a
554 830 775 871 Benediaa
802 833 992 882 Cappelli
1018 834 1184 886 Donghi
1202 834 1348 876 sorore
1362 836 1433 875 sua
1450 861 1474 880 ,γ
1493 848 1588 874 cum
1619 832 1765 874 eadem
1783 832 1850 884 fa-
1863 868 1878 889 ἢ

510 883 674 923 cultate
705 884 946 934 suscipiendi
975 887 1116 926 Sacros
1143 888 1322 928 Ordines
1350 888 1399 928 ad
1428 887 1602 928 titulum
1619 887 1853 926 distarum-n‘
1866 891 1894 920 ‘⁴-

512 933 877 983 Cappellaniarum
888 967 898 977 .
915 937 1039 988 Qod
1054 940 1081 978 fi
1095 953 1235 979 omnes
1252 941 1434 990 praediffl
1448 941 1587 979 vocati
1604 939 1851 984 deficerent,

509 985 760 1028 facultatem
779 990 927 1029 tribuit
942 990 1120 1039 praefatis
1138 992 1391 1034 Provinciali
1406 1020 1418 1037 ‚
1435 994 1473 1033 Sc
1490 992 1624 1031 Priori
1641 991 1849 1032 Carmeli-

509 1048 646 1078 tarum
663 1041 845 1091 eligendi
863 1043 1137 1090 Cappellanos
1165 1044 1234 1082 fibi
1264 1045 1472 1084 benevisos
1492 1045 1715 1093 Regulares
1734 1069 1747 1088 ‚
1775 1051 1852 1082 aut:

513 1091 727 1131 Seculares
743 1117 756 1136 ‚
789 1095 862 1133 hac
879 1095 1022 1134 addita
1037 1095 1320 1135 declaratione
1336 1124 1347 1141 ,
1367 1096 1472 1147 quod
1487 1112 1514 1132 =
1544 1098 1648 1134 Tum·
1664 1100 1677 1133 ι·
1694 1096 1847 1146 Cappel-

513 1144 591 1181 lam'
603 1168 615 1188 ,
646 1146 709 1185 che
713 1146 870 1194 suranna
886 1145 991 1185 eletti
1007 1171 1019 1191 ‚
1039 1149 1140 1197 fiano
1155 1150 1344 1187 amovibili
1359 1152 1408 1187 ad
1422 1159 1551 1187 nutum
1575 1150 1614 1184 di
1633 1150 1727 1185 detti
1742 1149 1847 1186 Elet-

510 1201 585 1235 tori
601 1209 610 1235 ε
627 1209 761 1236 eccetto
777 1200 890 1250 quelli
907 1226 921 1245 ,
951 1203 1015 1239 che
1021 1200 1154 1249 saffiro
1159 1202 1250 1251 stati
1262 1204 1422 1240 ordinati
1439 1202 1476 1238 al
1489 1199 1592 1238 titolo
1607 1202 1646 1237 di
1664 1200 1850 1247 Beneficio

512 1251 557 1286 di
572 1252 687 1301 queste
705 1253 954 1302 Cappellanie:
984 1256 1047 1292 che
1063 1256 1173 1304 questi
1185 1256 1481 1293 s’intenderanno
1495 1254 1596 1291 e'letti
1608 1258 1646 1290 in
1663 1253 1735 1291 loro
1748 1257 1848 1297 vita,

514 1317 535 1341 e
544 1306 751 1352 goderanno
767 1307 839 1354 sua
854 1311 935 1346 vita
947 1308 1102 1344 durante
1118 1306 1274 1355 ilfrutto
1290 1308 1386 1344 della
1401 1305 1633 1357 Cappellania
1650 1322 1676 1342 .--
1693 1336 1703 1345 .
1735 1306 1787 1344 Et
1808 1306 1852 1346 in

515 1356 651 1395 altero
667 1357 876 1398 Codicillo
891 1359 1078 1410 sequenti
1097 1359 1163 1398 die
1185 1359 1372 1399 confet‘to
1403 1361 1551 1409 pingue
1569 1358 1774 1408 Legatum
1788 1371 1853 1397 re-

511 1407 640 1457 liquit
654 1408 890 1450 Conventui
905 1411 1228 1451 Carmelitarum
1244 1412 1435 1451 Vulturis
1452 1437 1464 1456 ‚
1499 1425 1561 1449 con
1578 1413 1690 1460 obligo
1716 1426 1737 1448 a
1750 1413 1850 1448 detto

516 1462 699 1499 convento
715 1464 943 1513 cl'insegnare
956 1467 1146 1502 Rettorica
1162 1492 1174 1511 ‚
1197 1468 1330 1514 Logica
1345 1490 1357 1509 ,
1389 1481 1407 1504 e
1423 1465 1591 1514 Filosofia
1609 1465 1694 1512 asei
1712 1466 1752 1500 di
1766 1463 1852 1508 quel

513 1515 735 1553 Giovanetti
759 1518 798 1553 di
825 1518 989 1567 miglt'ore
1012 1520 1160 1566 ingegno
1178 1544 1190 1564 ,
1219 1534 1237 1556 e
1243 1519 1400 1569 spirito,
1430 1521 1493 1556 che
1516 1517 1682 1565 usctſjbro
1706 1513 1847 1552 dalla.»

515 1569 551 1604 S
554 1568 655 1605 cuola
666 1579 733 1619 per
745 1569 811 1618 effo
828 1572 1033 1621 disponente
1048 1571 1231 1619 instituita
1249 1587 1287 1609 m
1303 1573 1399 1611 detto
1415 1574 1531 1619 Luogo
1546 1572 1586 1606 di
1604 1568 1740 1607 Voltri.

466 1615 622 1670 Vigore
641 1624 760 1668 hujus
781 1622 1052 1672 dispositionis
1070 1624 1250 1663 validam
1274 1633 1442 1673 reputat
1460 1625 1570 1662 suam
1591 1621 1845 1661 nominatio·-

513 1685 611 1712 nem
626 1673 800 1726 Joannes
819 1675 1053 1716 Franciscus
1070 1674 1255 1716 Piccardi
1271 1691 1285 1717 ,-
1304 1675 1599 1717 cum-,extinc‘ta
1617 1675 1727 1713 linea
1741 1685 1844 1721 prce-

487 1734 490 1738 ’
510 1724 665 1765 dilecta
680 1727 1075 1777 BernardiCappelli
1092 1754 1104 1773 ‚
1133 1730 1347 1779 purificata
1366 1728 1463 1768 effet
1492 1728 1657 1767 vocatio
1688 1726 1843 1766 Puero-

511 1790 604 1817 rum
622 1779 778 1818 Scholae.
793 1805 806 1824 ‚
819 1781 1009 1828 &ipsein
1028 1785 1100 1820 hac
1117 1782 1350 1821 vocationis
1365 1781 1457 1820 sede
1474 1781 1613 1819 locum
1643 1781 1810 1818 haberet
1827 1804 1845 1824 ,

509 1830 606 1879 quia
626 1831 665 1869 in
683 1843 902 1871 numerum
918 1831 1092 1881 triginta
1110 1845 1336 1882 pauperum
1366 1834 1592 1872 Puerorum
1623 1840 1844 1880 cooptatus

513 1882 808 1922 Grammaticae
835 1885 1041 1924 studuerat
1064 1886 1104 1925 in
1134 1885 1272 1925 schola
1293 1885 1518 1925 Testatoris
1535 1911 1548 1930 ‚
1578 1886 1691 1930 juxta
1719 1883 1844 1922 Ludi-

513 1934 694 1984 magistri
710 1935 1013 1977 Testimonium
1028 1964 1040 1983 ‚
1059 1947 1184 1987 atque
1202 1939 1275 1977 sua:
1292 1937 1592 1977 nominationis
1622 1946 1844 1986 tempore)

510 1987 818 2035 philosophicas
832 1990 1014 2030 discebat
1036 1991 1314 2031 institutiones
1332 1992 1372 2029 in
1389 1991 1611 2030 Conventu
1636 1988 1845 2028 Carmeli-

514 2048 652 2078 tarum
668 2040 861 2081 Uulturis
880 2074 889 2082 .
911 2044 963 2082 Et
980 2044 1203 2083 arbitratur
1221 2071 1232 2089 ,
1267 2044 1558 2096 inquirendum
1578 2054 1657 2081 non
1683 2039 1762 2081 esse
1790 2040 1842 2080 de

516 2092 825 2134 conditionibus
841 2108 863 2135 a
879 2095 1090 2137 Testatore
1111 2096 1315 2147 requifitis
1333 2109 1404 2145 pro
1432 2094 1675 2135 admissione
1693 2093 1842 2133 Puero-

512 2157 604 2183 rum
619 2146 668 2184 ad
687 2146 895 2194 scholam,
918 2149 1026 2201 quod
1044 2148 1172 2189 essent
1189 2151 1234 2187 de
1251 2152 1342 2198 ipit>
1353 2153 1482 2198 paveri
1497 2149 1558 2186 del
1569 2151 1702 2202 Luog0‚
1720 2161 1739 2185 e
1751 2147 1843 2184 Bor-

504 2211 553 2246 go
568 2199 608 2235 di
624 2197 752 2237 Voltri
766 2227 780 2247 ‚
815 2204 895 2239 nati
912 2227 925 2246 ,
941 2204 988 2240 ed
1004 2204 1161 2240 abitanti
1175 2204 1217 2239 in
1238 2203 1362 2239 Voltri
1375 2217 1390 2243 ,-
1405 2205 1500 2242 cnm
1515 2212 1587 2249 pro
1603 2196 1843 2249 assequenda

505 2250 776 2299 Cappellania
794 2253 1056 2294 scholaribus
1076 2255 1213 2293 debita
1232 2280 1244 2298 ‚
1273 2266 1372 2302 opus
1403 2256 1451 2294 sit
1480 2255 1651 2302 probare
1684 2250 1841 2307 solam?

509 2303 759 2354 qualitatem
772 2305 980 2346 Scholaris
1013 2319 1156 2347 revera
1189 2307 1380 2354 adeptam
1397 2333 1409 2352 ,
1438 2318 1517 2345 non
1546 2307 1673 2345 etiam
1698 2302 1843 2341 condi-

513 2355 652 2395 tiones
669 2369 740 2406 pro
757 2357 904 2397 eadem
921 2360 1126 2411 qualitate
1143 2359 1405 2408 adipiscenda
1419 2358 1632 2409 requifitas
1661 2355 1746 2392 Rot.
1763 2357 1838 2391 in„

507 2409 869 2458 deciJI183.num.9.
892 2415 934 2455 &-
957 2415 1175 2462 10.-part.6.
1193 2426 1264 2450 rec.
1282 2442 1292 2451 .
1320 2411 1461 2463 Atque
1479 2411 1638 2466 insuper
1656 2415 1841 2465 ’conten-

508 2460 602 2507 dit„
618 2461 782 2503 easdem
801 2464 1062 2504 conditiones
1081 2464 1265 2513 apprime
1284 2464 1485 2503 verificari
1500 2476 1515 2502 ‚-
1543 2472 1633 2517 quia
1653 2459 1735 2507 ipse
1752 2471 1837 2497 mo«

508 2514 673 2554 rabatur
689 2515 730 2554 in
746 2515 859 2556 Loco
877 2516 1069 2556 Uulturis
1085 2526 1274 2564 tempore
1286 2517 1361 2555 suae
1379 2513 1626 2569 admistionis
1644 2512 1693 2550 ad
1712 2511 1841 2570 Seno-

508 2565 620 2605 lam:
641 2568 678 2606 Sc
700 2577 816 2608 ortus
834 2569 875 2607 in
892 2569 1040 2609 eodem
1057 2568 1224 2618 Oppido
1239 2568 1324 2607 dici
1343 2574 1506 2616 poterat
1523 2591 1535 2609 ‚
1564 2572 1625 2602 Uti
1646 2573 1765 2602 flatus
1796 2577 1840 2604 m

509 2614 624 2656 illius
641 2617 875 2661 Territorio
891 2647 904 2666 ‚
919 2622 969 2662 ad
983 2622 1138 2661 tradita
1158 2633 1228 2670 per
1239 2621 1370 2658 Rotam
1380 2624 1419 2657 in
1435 2617 1639 2673 dms-557·
1671 2629 1793 2654 71um.1
1805 2631 1839 2656 ι.

506 2676 672 2718 ῖανιαδ.
689 2684 820 2714 recent.
840 2685 912 2715 :ac
926 2674 1056 2715 Filius
1074 2682 1166 2715 erat
1194 2672 1381 2724 pauperis
1409 2669 1622 2709 Molitoris
1642 2693 1656 2714 ‚
1687 2670 1725 2709 &
1759 2667 1836 2708 de„-

1743 2731 1843 2768 pau-
