1934 2954
1355 154 1370 178 1

86 194 216 236 ditur,
235 189 491 230 Testatorem
506 190 595 228 suos
614 212 626 231 ‚
644 188 876 238 Sororisque
892 187 1226 237 Consanguineos
1250 148 1429 238 vocasse}

90 249 128 287 8<
146 249 218 284 hoc
236 242 386 282 clarius
402 242 561 291 insuper
577 242 721 292 colligi
735 254 780 280 ex
795 241 976 280 Decreto
992 240 1211 280 erectionis
1228 241 1339 284 fat‘hr
1355 258 1428 292 pro

0 291 1 348 l
87 297 303 349 proximiori
319 298 357 331 in
378 297 592 344 Cognatione
616 296 681 345 ipfi
700 295 869 342 Testatori
886 323 895 334 .
917 294 1056 344 Atque
1078 293 1118 332 id
1139 294 1269 335 iusum
1288 295 1426 335 effica-

0 352 1 357 ’
86 351 173 390 cius
186 347 417 388 confirmari
431 347 634 389 disseritur
649 360 694 387 ex
711 345 1204 395 praesentationeCognati
1225 346 1274 385 de
1293 350 1426 387 latere

81 402 279 441 Materno
298 400 403 439 fasta
421 402 458 440 in
477 400 741 441 antecedenti
760 399 977 439 vacatione
996 425 1009 444 ‚
1040 410 1118 441 non
1148 399 1198 437 ob
1213 397 1426 442 defet‘tum

83 453 366 504 Cognatorum
382 453 544 493 Lateris
560 453 750 498 Paterni,
778 464 874 493 cum
907 451 1140 501 praeceteris
1170 451 1320 492 adeffet
1340 452 1422 501 ipse

83 507 280 555 Aloyfius
309 505 491 546 Teodori
508 505 707 546 Clericali
736 506 900 544 tonsura
930 504 1135 554 insignitus
1156 529 1170 548 ,
1201 504 1240 543 in
1272 512 1425 546 aetate-a

88 558 330 610 quindecim
346 571 543 598 annorum
559 557 779 600 sufficienti
806 569 877 606 pro
894 556 1175 608 affequutione
1194 556 1428 597 eanonica-

91 619 162 650 tus
187 611 371 650 Ecclesiae
400 611 642 662 Collegiatae
671 636 684 656 ,
723 610 790 651 sed
817 609 976 648 ratione
1019 609 1175 657 paffivae
1192 609 1423 649 vocationis

87 662 250 713 Josephi
281 662 482 708 Valenti,
510 674 633 715 quem
661 662 896 715 nominavit
920 661 1192 712 Capitulum,
1217 671 1284 715 per
1314 661 1427 711 effere

87 718 287 754 Sacerdote
305 739 318 760 ‚
339 730 358 753 e
375 718 533 763 Parente
540 719 607 766 pia
618 717 774 765 proffimo
789 744 799 755 .

32 766 176 819 Atque
209 767 302 808 ideo
330 767 625 817 ineptiffimum
655 777 775 817 putat
815 774 1107 817 argumentum
1123 768 1431 817 ‘desumptum

83 833 107 860 a
135 820 418 861 nominatione
444 820 760 865 PauliTeodori
787 832 858 870 per
873 819 1129 865 Testatorem
1159 819 1294 860 fastu
1326 829 1426 859 cum

84 873 160 912 illa
176 873 356 915 indicare
371 873 509 914 valeat
523 872 874 924 praedilet‘tionem
904 873 1159 922 personalem
1177 872 1322 916 Pauli,
1349 883 1432 913 nou

86 933 234 967 autem
247 925 520 966 exclusionem
536 925 711 965 aliorum
737 937 818 964 non
836 925 1147 970 nominatorum
1162 940 1177 966 ‚·
1208 923 1359 975 Neque
1375 923 1429 962 ad

84 989 175 1017 rem
219 977 427 1026 pertinere
472 978 631 1019 disserit
671 979 870 1028 oppositas
899 979 1101 1026 Decafiones
1139 982 1225 1022 156.
1247 986 1345 1026 part.
1365 988 1429 1019 13.

85 1031 237 1071 Recem.
255 1055 269 1076 ‚
299 1033 344 1080 ᾤ’
362 1044 424 1070 22.
454 1044 573 1071 coram
587 1033 728 1077 Mnot.
742 1055 756 1075 ‚
786 1042 881 1076 cum
912 1031 954 1068 in
982 1030 1070 1070 illis
1099 1030 1188 1070 aliae
1215 1030 1431 1079 graviores

81 1081 392 1130 perpendantur
424 1082 736 1123 circumstantiae
765 1095 837 1133 pro
861 1081 1121 1122 excludenda
1135 1081 1427 1132 Cognationea

85 1132 278 1173 Materna
294 1162 304 1175 .
335 1130 566 1173 Praesertim
591 1136 685 1187 quia
720 1145 910 1183 tempore
925 1133 1353 1178 conditiTestamenti
1381 1133 1432 1172 ab

82 1184 275 1225 Antonio
293 1184 434 1227 Astolfi
446 1210 459 1230 ‚
473 1187 556 1225 duo
570 1210 584 1232 ,
602 1189 671 1237 qui
690 1189 860 1225 aderant
877 1186 1115 1235 Presbyteri
1131 1186 1182 1226 de
1194 1185 1432 1235 Agnatione

83 1236 281 1278 Materna
295 1262 309 1284 ‚
342 1237 577 1288 pinguiores
605 1237 858 1287 possidebant
875 1236 1152 1278 Canonicatus
1171 1238 1428 1278 numerarios

83 1288 129 1331 in
145 1290 290 1330 eadem
308 1289 486 1330 Ecclesia
502 1290 763 1341 Collegiata:
792 1291 830 1330 &
846 1290 996 1330 Paulus
1017 1290 1229 1337 Theodori
1246 1302 1269 1329 a
1289 1288 1434 1330 Testa·-

84 1348 178 1382 tore
217 1342 457 1382 nominatus
472 1342 752 1382 tenuiffimum
768 1342 1079 1392 (comparative
1105 1342 1152 1382 ad
1164 1342 1334 1385 reditus,
1347 1341 1431 1380 Ca-

83 1393 355 1434 nonicatuum
371 1395 698 1441 numerariorum
715 1421 729 1442 ,
757 1395 797 1445 Sc
824 1395 996 1435 alterius
1025 1406 1072 1434 ex
1089 1395 1272 1442 ejusdem
1291 1392 1431 1433 Testa·

82 1446 188 1486 toris
202 1447 463 1496 dispositione
478 1447 681 1497 erigendi)
697 1446 919 1497 poffidebat
937 1447 1236 1487 Can-onicatum
1253 1445 1432 1499 Jurispaq

83 1504 276 1543 tronatus
296 1498 459 1539 Paulini
477 1524 489 1543 ‚
505 1509 550 1540 ut
569 1499 708 1540 Testes
722 1510 914 1546 enarrant
932 1530 942 1540 .
971 1500 1110 1550 Qare
1124 1508 1313 1546 autumat
1330 1522 1342 1541 ‚
1361 1497 1430 1537 vel

83 1550 214 1603 magis
238 1551 425 1591 inefficax
452 1552 569 1592 reddi
585 1562 875 1602 argumentum
903 1554 1279 1602 praenominationls
1297 1549 1434 1595 Pauli,

30 1607 31 1611 ’
85 1604 182 1649 cum
201 1602 331 1651 poffet
347 1604 492 1651 referri
509 1605 559 1643 ad
577 1605 810 1654 praedit‘tam
825 1605 987 1644 causam
1004 1603 1172 1649 majoris
1189 1604 1302 1643 illius
1322 1602 1432 1641 indi-

85 1656 266 1703 gentiae:
292 1657 360 1696 vel
392 1665 509 1697 certe
523 1657 724 1707 gravioris
744 1656 935 1706 ponderis
964 1655 1042 1695 esse
1067 1655 1428 1695 nominationem...

88 1706 360 1758 Cognationis
387 1709 588 1749 Maternae
618 1709 767 1749 faciam
804 1710 846 1748 in
870 1708 1146 1749 'antecedenti
1177 1708 1395 1747 vacatione
1412 1730 1429 1751 ²

77 1761 176 1799 cum
208 1761 248 1799 in
282 1761 457 1800 materia
489 1761 836 1809 Jurispatronatus
868 1759 1146 1800 recedendum
1198 1772 1276 1798 non
1304 1761 1350 1797 fit
1379 1760 1428 1797 ab

89 1811 244 1851 ultimo
262 1813 381 1857 statu,
395 1814 512 1859 juxta
527 1819 669 1852 notata
685 1823 756 1862 per
769 1813 865 1850 DD.
877 1813 918 1849 in
935 1810 1350 1861 Cap.ConsuItationihus
1369 1824 1432 1859 19.

90 1863 140 1900 de
155 1863 398 1913 Jurepatron.

36 1914 246 1957 Praetetea
260 1915 451 1956 defendit
466 1943 479 1963 ,
504 1917 572 1956 vel
590 1917 806 1967 Aloyfium
819 1918 920 1958 alibi
938 1924 1081 1957 natum
1099 1917 1337 1964 incapacem
1353 1912 1434 1971 esse

89 1967 326 2018 assequendi
342 1969 643 2014 Canonicatum
657 1970 906 2020 Originariis
920 1970 1294 2011 relit‘iumsattenta
1311 1966 1435 2015 pot1s-

89 2020 235 2059 fimum
261 2020 518 2062 distraffione
551 2022 710 2062 Domus
728 2047 741 2068 ,
769 2024 808 2063 Sc
838 2023 1040 2064 bonorum
1065 2019 1322 2060 existentium
1358 2018 1432 2056 in„-

90 2072 223 2112 Terra
249 2072 382 2113 For-tii
411 2075 458 2113 ab
476 2076 563 2120 ejus
580 2074 702 2114 Patre
719 2073 882 2123 expleta
899 2098 913 2119 ‚
929 2081 974 2114 ut
990 2080 1135 2122 praeter
1154 2070 1433 2114 Secretarium

92 2123 421 2165 communitatis
439 2126 513 2165 alii
530 2135 614 2166 tres
632 2126 837 2166 affirmant
855 2128 976 2166 testes
993 2137 1003 2163 :
1020 2125 1086 2164 vel
1099 2124 1247 2167 saltem
1262 2122 1436 2172 Aloyfio

90 2177 225 2227 ipsum
240 2176 317 2218 esse
334 2176 631 2227 praeferendum
644 2204 658 2224 ,
676 2179 770 2229 quia
783 2187 904 2218 natus
917 2189 1016 2218 vere
1031 2177 1138 2220 estin
1153 2177 1265 2220 Loco
1282 2174 1434 2232 Fortii,

91 2230 132 2270 ὃς
149 2231 371 2277 majoribus
386 2231 521 2280 pollet
536 2230 812 2281 praerogativis
829 2257 842 2278 ‚
868 2243 916 2271 ac
930 2231 978 2270 ab
1006 2229 1193 2274 omnibus
1210 2227 1430 2283 Canon-icis

89 2278 280 2322 Patronis
297 2283 613 2324 commendatur
627 2309 642 2329 ‚
653 2286 767 2331 juxta
782 2283 964 2323 exhibita
979 2289 1248 2326 monumenta
1264 2303 1277 2323 ‚
1290 2280 1432 2329 qulbus

91 2335 160 2375 sua
175 2336 328 2375 merita
341 2336 608 2386 'comprobare
622 2359 635 2380 ‚
652 2337 691 2377 Sc
707 2336 783 2377 illa
800 2335 961 2385 Aloyfii
976 2335 1124 2375 nititur
1140 2332 1371 2383 deprimere
1390 2359 1403 2369 α

141 2386 431 2439 Dignabuntur
449 2389 588 2439 itaque
604 2389 683 2429 EE.
702 2387 795 2430 VV.
813 2388 1036 2428 decernere
1054 2417 1068 2431 .,

248 2440 326 2484 .An
338 2464 352 2485 ‚
369 2443 413 2486 ὠ·
426 2455 503 2494 que
514 2441 744 2493 supplicatio
763 2442 819 2492 fit
831 2440 1037 2484 relaxanda
1050 2463 1066 2488 ‚
1095 2442 1133 2478 in
1149 2437 1234 2488 casu
1249 2439 1330 2487 ᾠτ.

252 2593 414 2642 Iter-um
430 2606 704 2651 proponatur.

136 2747 235 2792 Tem.
254 2737 405 2799 xxm..
844 2754 884 2796 v
1248 2749 1429 2793 {scta-
