1934 2954
1346 150 1385 180 13
1398 149 1414 173 r

87 190 199 229 ut-de
219 190 295 229 fide
328 187 588 237 Baptismatis
617 186 755 226 asserit
787 187 896 227 dic‘ta
914 188 1100 228 Vit‘toria
1115 214 1127 233 ‚
1154 190 1192 229 ὃ(
1208 189 1257 228 de
1277 190 1415 228 Patria

86 236 368 282 Cancellarius
382 254 397 280 ,-
425 238 614 290 quodque
630 266 642 284 ‚
676 250 720 279 ut
737 239 846 278 idem
865 240 1146 281 Cancellarius
1178 241 1383 290 subjungit
1399 236 1424 286 ,’

85 307 132 335 ea
147 295 351 334 occasione
369 292 572 340 Tyberius
601 302 811 342 tamquam
829 304 951 341 vagus
970 317 982 335 ‚
1012 294 1154 342 vigore
1169 293 1418 331 facultatum

86 348 341 388 indultarum
370 356 392 384 a
407 344 526 382 Sacra
556 343 818 395 Inquisitione
835 369 848 388 ‚
891 343 1081 383 admilsus
1112 344 1192 383 fuit
1223 345 1271 382 ad
1299 345 1417 392 jura-

88 408 275 439 mentum
301 396 599 446 suppletorium
629 398 669 434 in
687 398 1067 443 comprobationem
1093 398 1234 436 Status
1263 396 1381 434 liberi
1398 411 1413 435 ,-

87 453 126 492 ἔ(
145 449 251 501 quod
264 448 430 488 demum
449 449 612 487 biennio
636 457 817 488 moratus
832 447 1126 489 Manfredoniae
1151 449 1417 497 Chirurgiam
1439 466 1463 488 ι

87 514 277 542 exercens
295 527 307 545 ‚
333 501 470 549 fugam
489 501 652 539 tandem
676 501 848 549 arripuit
866 528 875 545 ,
909 505 1114 552 postquam
1140 513 1160 538 a
1177 501 1416 550 quibusdam

84 553 315 604 Peregrinis
343 554 601 603 promulgata
633 555 686 591 est
717 554 1021 598 superviventia
1061 553 1232 591 alterius
1265 552 1413 591 Uxoris

86 607 128 647 in
146 607 279 646 Terra
293 605 506 654 Trivigni:
535 606 572 643 Sc
603 603 786 643 Victoria
806 604 951 649 Ruff0‚
987 619 1072 655 quie
1100 605 1232 643 filium
1265 617 1310 643 ex
1341 605 1416 641 illo

83 667 284 710 genuerat
313 684 326 704 ‚
357 658 576 706 impetrata
607 657 726 696 venia
750 656 877 695 Curiae
901 657 1271 705 Archiepiscopalis
1302 681 1314 699 ,
1345 668 1418 694 an-

85 724 140 803 go
187 723 300 759 1750.
346 709 505 759 nuptias
548 709 753 749 contraxit
789 722 884 754 cum
917 709 1090 759 Joscpho
1119 710 1306 749 Antonio
1334 708 1414 748 dm

117 761 264 804 alvia‘.

32 812 224 866 Denique
243 818 394 857 constat
411 829 457 857 ex
470 816 614 856 eodem
631 812 816 855 Processu
834 840 846 859 ‚
876 815 982 866 quod
1016 817 1243 863 Stephanus
1262 812 1414 851 Panto-

84 882 128 909 re
159 868 381 918 Chirurgus
411 870 448 909 in
477 869 708 908 Civitatem
733 867 841 906 Vasti
870 867 1050 908 Patriam
1074 870 1184 907 suam
1212 866 1415 904 adventus

84 921 223 961 mense
240 921 347 970 Junii
368 935 482 969 1735.
499 947 511 966 ‚
538 921 854 959 Matrimonium
883 922 1087 960 contraxit
1118 932 1212 958 cum
1238 915 1413 966 Magda-

82 973 178 1013 lena
194 973 243 1012 de
260 973 422 1023 Angelo
437 1001 450 1020 ‚
469 975 507 1015 St
524 975 606 1022 post
618 984 768 1012 annum
783 974 1016 1023 recognitus
1043 985 1113 1022 pro
1129 971 1312 1019 Tyberio
1343 967 1416 1008 vi-

83 1026 169 1064 tale
197 1037 220 1064 a
237 1026 488 1076 Coniugibus
516 1023 737 1064 Catharina
762 1025 803 1062 di
821 1025 991 1074 Maggio
1007 1051 1019 1069 ,
1047 1023 1293 1074 &januario
1316 1020 1417 1067 Spa-

82 1077 254 1117 daccino
270 1104 282 1123 ,
311 1078 361 1117 ad
377 1079 599 1118 Ecclesiam
616 1075 806 1125 confugit
820 1100 832 1119 ‚
863 1077 1039 1127 indeque
1055 1075 1250 1125 profugus
1274 1072 1418 1127 discesf

83 1131 133 1169 sit
153 1155 166 1174 ‚
195 1139 240 1169 ut
256 1131 438 1177 superius
455 1131 611 1169 dictum
627 1130 678 1167 est
695 1154 706 1171 ‚
725 1128 1073 1178 quemadmodum
1085 1127 1295 1176 deponunt
1312 1124 1414 1162 dieti

48 1196 58 1207 ·
80 1181 287 1231 Coniuges
305 1182 545 1228 Spadaccini
569 1181 620 1220 de
636 1179 744 1218 facto
763 1180 926 1229 proprio
944 1205 955 1223 ‚
983 1181 1020 1219 ἃ
1038 1181 1243 1227 Conjuges
1260 1178 1310 1215 de
1327 1175 1417 1214 Sal-

81 1233 151 1274 via
165 1234 215 1273 de
232 1234 401 1273 illorum
417 1234 560 1273 auditu
576 1260 588 1278 ‚
615 1245 688 1271 nec
707 1243 785 1269 non
806 1232 886 1280 ipsa
903 1232 1150 1281 Magdalena
1167 1233 1216 1269 de
1230 1232 1415 1277 Angelo,

84 1286 240 1337 aliique
256 1296 430 1337 quatuor
446 1286 584 1326 Testes
612 1283 809 1322 Civitatis
838 1283 947 1322 Vasti
976 1285 1016 1321 in
1049 1281 1234 1320 Processu
1263 1291 1419 1319 exami-

82 1338 171 1378 nati
190 1362 204 1382 ‚
232 1351 403 1390 quorum
419 1350 520 1379 unus
550 1337 718 1376 testatur
737 1335 866 1374 etiam
897 1335 947 1375 de
962 1333 1209 1374 coufeffione
1235 1333 1416 1385 extraju-

82 1390 228 1430 diciali
254 1391 369 1440 ipfius
382 1389 577 1436 Stephani
592 1415 605 1433 ‚
635 1400 786 1436 quique
803 1400 945 1426 omnes
969 1387 1216 1425 uniformem
1230 1386 1420 1423 reterunt

81 1442 402 1491 descriptionem
428 1442 609 1482 Personae
641 1440 838 1486 Stephani
869 1440 1044 1478 Pantore
1072 1465 1085 1484 ,
1113 1451 1161 1477 ac
1189 1436 1416 1487 respective

82 1493 258 1543 Tyberii
275 1497 417 1536 Vitale
434 1520 447 1539 ‚
474 1505 567 1533 cum
581 1491 777 1531 cicatrice
793 1491 1095 1539 praesertimsub
1110 1492 1256 1530 oculo:
1287 1489 1324 1527 ἃ,
1349 1490 1415 1525 his

80 1546 286 1587 adduntur
312 1546 643 1592 extrajudiciales
658 1544 930 1591 depositiones
945 1544 1119 1583 aliorum
1138 1551 1313 1593 quatuor
1329 1539 1416 1579 Te-

78 1599 197 1639 stium
213 1625 229 1645 ,
255 1599 514 1650 Magistratus
529 1622 541 1641 ‚
557 1599 595 1638 δε
611 1596 796 1645 Capituli
814 1595 1014 1645 Civitatis
1028 1596 1133 1635 Vasti
1149 1597 1201 1634 de
1217 1604 1411 1643 propriau-

85 1651 254 1692 scientia
269 1677 282 1697 ,
309 1665 356 1692 ac
371 1653 420 1692 de
435 1650 597 1700 publica
613 1648 720 1687 fama
736 1649 932 1694 praeditstae
952 1648 1251 1698 recognitionis
1266 1669 1278 1688 ‚
1296 1646 1333 1684 Sc
1347 1646 1415 1683 tu—

79 1716 142 1754 gae
158 1729 173 1750 ‚
203 1716 277 1745 nec
290 1718 370 1744 non
384 1703 526 1744 fimilis
541 1701 638 1741 fides
659 1701 887 1748 Superioris
901 1701 1004 1740 olim
1019 1701 1259 1741 Conventus
1274 1697 1414 1746 Augu-

77 1756 339 1799 stinianorum
354 1756 471 1796 difftae
490 1752 688 1794 Civitatis
704 1778 717 1798 ,
749 1754 788 1793 ⁴&
803 1755 937 1794 altera
965 1753 1175 1800 cujusdam
1207 1750 1408 1792 Canomci

77 1808 288 1857 Sipontini
306 1810 355 1850 de
373 1808 515 1849 auditu
533 1819 556 1847 a
571 1804 820 1857 Coniugibus
840 1806 1089 1859 Spadaccino
1106 1808 1187 1856 post
1201 1808 1413 1846 reditum-2

81 1860 106 1901 ὲ
120 1860 309 1902 Civitate
327 1864 437 1904 Vasti
453 1893 464 1903 .

24 1911 110 1958 His
138 1915 440 1961 probationibus
471 1914 577 1955 freta
604 1913 852 1964 Magdalena
884 1915 934 1955 de
951 1915 1116 1966 Angelo
1134 1921 1253 1962 putat
1270 1939 1283 1958 ‚
1309 1909 1410 1948 satiS

78 1965 292 2014 probatam
310 1968 451 2018 'videri
484 1968 755 2009 identitatem
780 1968 952 2016 personae
978 1966 1174 2016 Stephani
1193 1966 1365 2003 fantore
1393 1986 1410 2006 2

78 2016 232 2057 saltem
244 2031 339 2058 cum
354 2018 472 2068 Tybe
488 2020 538 2059 >io
563 2019 702 2058 Vitale
730 2019 832 2059 Viro
862 2021 1057 2061 Vicioriae
1087 2015 1232 2060 Ruffo,
1261 2019 1408 2061 juxta-2

77 2069 240 2110 firmata
253 2081 324 2118 per
342 2073 470 2110 Caren.
488 2073 533 2108 de
550 2071 1261 2122 OffiaSaanquifitpart.2.tt't.5.sl'.10.
1279 2078 1412 2115 n-s5·‚

74 2125 124 2168 ὁ·
141 2123 282 2162 Caball.
302 2123 445 2172 rqsolut.
464 2126 609 2162 crimin.
629 2123 795 2170 cas.270.
814 2126 951 2162 nu7a.6.
967 2127 1010 2167 &¹
1025 2137 1060 2170 7.
1080 2148 1093 2167 ,
1121 2122 1343 2172 praesertim
1360 2117 1413 2157 ad

18 2201 20 2203 >
75 2172 272 2232 effectum
293 2187 380 2215 *non
396 2174 601 2225 irrogandi
617 2186 780 2223 poenam
796 2200 810 2219 ‚
838 2175 906 2215 sed
922 2175 1159 2215 annullandi
1187 2170 1411 2214 Matrimo-

74 2238 193 2268 mum
220 2228 438 2273 omnijure
462 2226 715 2275 prohibitum
743 2228 911 2268 vivente
940 2228 1072 2267 altera
1099 2227 1285 2276 Coniuge
1315 2249 1328 2269 9
1358 2222 1411 2262 ad-

71 2279 231 2320 tradita
252 2293 322 2327 per
339 2281 511 2320 Clericat.
537 2281 584 2318 de
592 2283 766 2319 Sacram.
783 2282 950 2320 Macrim.
967 2281 1079 2329 decffi-
1089 2295 1150 2327 29.
1169 2304 1182 2323 ‚
1211 2284 1254 2323 (ἓν
1267 2281 1313 2316 de
1332 2277 1410 2326 Ju-

65 2330 135 2383 Jh's
159 2334 205 2371 de
217 2333 411 2382 dispensat.
425 2336 598 2372 Macrim.
613 2333 680 2371 lib.
690 2346 724 2370 2.
750 2341 866 2381 cap.9.
882 2342 948 2382 per
961 2341 1027 2372 tot.
1041 2347 1057 2373 ,-
1087 2333 1242 2372 Verum
1256 2331 1409 2369 Deten-

75 2383 420 2425 sor-Matrimonii
445 2397 524 2424 non
553 2384 775 2426 arbitratur
792 2384 941 2428 inutile
960 2411 973 2431 ‚
1002 2386 1029 2424 fi
1049 2385 1291 2424 rescribatur
1325 2384 1407 2420 Ar-

75 2435 344 2487 chiepiscopis
373 2437 589 2487 Sipontino
606 2463 620 2482 ,
647 2437 685 2476 ὃς
707 2438 995 2478 Matheranen.
1014 2462 1027 2481 ‚
1056 2446 1101 2476 ut
1124 2435 1410 2483 transmittant

75 2487 172 2546 acta*
189 2489 229 2528 in
243 2489 324 2530 suis
338 2489 474 2542 Curiis
499 2489 723 2536 compilata
746 2490 956 2538 occasione
980 2488 1300 2538 praecedentium
1318 2487 1407 2526 Ma·-

74 2542 370 2582 trimoniorum
386 2567 400 2586 ‚
425 2555 497 2591 pro
516 2541 681 2581 clariori
698 2542 890 2582 veritatis
924 2541 1225 2590 dilucidatione
1239 2555 1254 2581 ‚·
1282 2538 1406 2590 quum

69 2591 385 2647 praesetumfirie
400 2595 601 2645 legitimis
629 2594 933 2641 probationibus
959 2593 1194 2639 identitatis
1225 2592 1410 2632 Persona»,

67 2640 334 2692 Tyriam&
352 2647 520 2691 Xaverii
547 2646 690 2694 Vitale'
702 2659 793 2686 -non
811 2644 1004 2693 potuiffet
1033 2658 1056 2684 a
1082 2645 1204 2685 Curia
1220 2645 1405 2695 Siponti-

68 2706 120 2745 με
132 2697 302 2747 potestas
315 2698 404 2742 fieri
419 2699 615 2751 Victoria:
630 2699 755 2747 Ruffo-
757 2708 825 2793 ἷξε
833 2697 1010 2747 nseundi
1016 2697 1065 2740 ad
1080 2697 1255 2741 secunda
1273 2707 1406 2789 votgt

67 2766 80 2774 ”·
822 2764 841 2788 2
