1934 2954
506 182 578 205 202

502 219 613 259 tioni
632 218 754 260 fidem
775 218 1000 258 conciliet:
1026 218 1064 257 ἃ
1085 226 1287 267 quatenus
1304 215 1382 255 fide
1406 215 1552 265 dignus
1566 215 1751 264 reputari
1787 226 1860 252 ve·

501 273 553 311 lit
572 297 584 316 ,
600 273 716 318 juxta
735 271 973 321 opinionem
994 269 1242 318 Episcopn&
1264 266 1464 310 Tertium,
1481 268 1752 308 deferendum
1771 267 1860 316 ple—

503 326 554 366 ne
574 338 652 364 non
675 323 773 363 effet
792 323 904 362 illius
926 321 1158 362 testimonio
1177 347 1189 366 ‚
1219 321 1312 370 quia
1343 320 1483 369 potuit
1516 322 1596 369 ipse
1613 321 1750 369 decipi
1782 319 1856 359 itt-2

506 377 749 417 concubitus
768 377 855 415 aestu
873 402 885 421 ‚
918 374 1146 424 praesertim
1164 401 1176 419 ,
1193 377 1280 426 quia
1296 375 1394 426 apud
1413 386 1529 411 omnes
1557 378 1670 424 opinio
1685 373 1860 412 invalue-

506 433 625 468 ratde
642 433 881 468 Matrimonia
897 443 963 466 non
969 427 1092 475 solum
1110 437 1189 464 rato
1207 452 1220 471 ‚
1244 427 1316 476 sed
1328 431 1440 464 etiam
1459 427 1658 475 consumam
1677 453 1691 472 ,
1728 435 1774 464 ut
1801 426 1860 464 le·-

503 484 614 531 gitur
633 482 670 520 in
686 483 891 521 relatione
916 480 1106 529 Episcopi
1121 493 1135 519 5
1166 491 1241 518 nec
1262 479 1436 526 proinde
1451 479 1689 525 excluditur
1716 478 1858 517 consu-

505 535 701 574 mationis
722 534 986 584 praesumptio
1006 558 1019 576 ‚
1052 532 1400 582 quemadmodum
1423 531 1647 581 requiritur
1673 531 1724 570 de
1750 531 1856 581 st‘ylo

507 587 686 626 Datariae
703 614 714 632 ,
746 588 813 626 ubi
831 587 869 625 in
886 585 1255 636 supplicationibus
1273 583 1529 635 porrigendis
1558 595 1629 633 pro
1653 583 1854 629 dispensa·

509 639 624 679 tione
657 641 772 688 super
802 640 1102 687 impedimento
1138 638 1308 686 publicae
1340 636 1560 677 honestatis
1586 635 1775 677 facienda
1801 636 1855 674 est

510 694 708 738 expreffio
724 719 737 738 ‚
758 692 865 743 quod
879 692 1036 732 Mulier
1054 693 1097 728 ab
1111 692 1271 730 Oratore
1287 695 1325 728 in
1338 689 1437 728 nullo
1446 693 1589 739 penitics
1603 698 1788 727 attentata
1799 701 1856 726 re-

508 756 670 782 manente
684 743 871 790 decenn,
891 754 935 784 ut
952 744 1084 784 refert
1104 746 1298 784 Corrad.in
1309 742 1575 795 prax.dispens.
1595 743 1702 782 lih.8.
1722 751 1799 791 cap.
1815 753 1854 788 7.

504 797 574 844 suh
589 811 685 835 num.
707 812 768 835 20.
788 800 831 840 ὠ·
849 811 912 835 22.

456 844 603 889 Altera
620 849 783 899 quaestio
799 850 852 888 est
879 848 930 888 de
944 849 1151 899 qualitate
1171 849 1464 899 impedimenti
1478 847 1666 899 producti
1694 860 1741 887 ex
1760 846 1854 886 Ma·

513 900 713 940 trimonio
731 901 859 940 etiam
879 911 969 941 rato
985 928 999 946 ‚
1034 903 1071 941 Sc
1089 913 1167 940 non
1187 903 1431 941 consumato
1446 915 1461 942 ,-
1489 913 1584 942 cum
1602 900 1854 941 affinitatem

507 952 602 992 inde
615 953 715 991 oriri
728 951 923 994 defendat
941 955 1151 993 D.Thomas
1167 959 1206 993 in
1222 954 1374 1004 d.suppl.
1390 963 1525 1003 3.part.
1544 955 1682 1005 quaest.5
1693 963 1846 1001 5.art.4.

506 1006 555 1043 ad
572 1020 591 1043 2
623 1035 633 1044 .
651 1005 741 1045 Nec
757 1007 997 1045 adversatur
1012 1007 1264 1047 Constitutio
1276 1008 1561 1046 AdRomanum
1573 1007 1680 1046 62.S.
1695 1006 1758 1047 Pii
1778 1006 1851 1046 Va·

508 1070 602 1097 nam
619 1058 692 1096 illa
707 1082 721 1101 ‚
753 1060 967 1108 reprobata
983 1059 1188 1099 sententia
1201 1072 1345 1100 eorum
1361 1085 1372 1105 ‚
1402 1059 1473 1110 qui
1487 1059 1648 1108 opinati
1662 1057 1825 1098 fuerant
1838 1082 1852 1103 ‚

510 1110 863 1161 impedimentum
878 1124 927 1152 ex
944 1111 1227 1153 Matrimonio
1246 1122 1337 1153 rato
1355 1115 1583 1162 procedens
1598 1138 1612 1158 ‚
1642 1111 1706 1150 uti
1733 1111 1858 1150 solius

509 1163 671 1209 justitiae
688 1165 860 1214 publicae
882 1165 1102 1205 honestatis
1118 1193 1130 1211 ‚
1161 1167 1338 1215 primum
1354 1166 1527 1215 gradum
1542 1177 1621 1204 non
1638 1164 1857 1208 excedere,

507 1217 623 1262 juxta
639 1217 868 1258 Decretum
888 1217 1070 1258 Concilii
1087 1219 1177 1268 seſs.
1199 1233 1262 1268 24.
1279 1229 1356 1270 cap.
1377 1231 1414 1261 3.
1430 1218 1477 1256 de
1488 1218 1614 1266 Refor.
1631 1216 1740 1254 Matr
1757 1241 1771 1261 2
1786 1215 1860 1255 de-

510 1269 685 1309 claravit
704 1269 920 1320 praefatum
935 1271 1115 1311 Concilii
1133 1272 1351 1312 decretum
1367 1269 1447 1311 effe
1468 1269 1790 1320 intelligendum
1806 1267 1859 1308 de

508 1321 607 1360 solis
628 1323 885 1371 Sponsalibus
909 1323 960 1363 de
977 1322 1121 1364 futuro
1141 1351 1152 1369 ‚
1182 1338 1261 1364 non
1282 1325 1411 1366 etiam
1441 1325 1491 1365 de
1505 1322 1783 1363 Matrimonio
1796 1332 1862 1360 ra·-

509 1382 557 1413 zo
570 1400 583 1419 ,
614 1377 694 1413 citra
723 1375 842 1422 (sunt
860 1378 982 1415 verba
1002 1376 1352 1424 Constitutionis)
1380 1377 1482 1426 longe
1497 1374 1670 1430 majorem
1687 1378 1861 1414 rationem

504 1428 760 1475 prohibitionis
794 1432 834 1466 in
860 1430 1101 1468 Matrimonio
1118 1456 1131 1475 ‚
1156 1440 1223 1481 per
1250 1434 1364 1470 verba
1392 1433 1438 1469 de
1457 1431 1625 1481 praesenti
1654 1428 1862 1470 contrario,

511 1482 619 1528 qudm
633 1483 670 1516 in
673 1481 897 1531 sponsalibus
914 1483 1100 1532 defuturo
1120 1487 1246 1533 vigere
1262 1509 1275 1528 ‚
1305 1499 1329 1522 a
1345 1488 1486 1522 nemine
1502 1485 1711 1521 dubitetur.
1728 1479 1796 1519 (Et
1812 1477 1863 1516 li-

511 1539 583 1570 cet
602 1532 1033 1584 aliorum'opinionem
1052 1536 1252 1587 sequutus
1266 1537 1472 1576 Corradus
1488 1539 1529 1573 in
1539 1532 1857 1588 prax.disp.lih.8.

512 1594 589 1634 cap.
608 1599 642 1631 7.
659 1599 755 1625 num.
778 1598 838 1630 ις.
853 1611 866 1630 ,
882 1595 1025 1627 teneat
1043 1613 1056 1632 ‚
1074 1587 1204 1628 solum
1225 1589 1397 1636 publicae
1427 1587 1651 1628 honestatis
1684 1582 1862 1632 impedi-

513 1646 706 1676 mentum
721 1638 821 1677 oriri
849 1650 898 1678 ex
916 1639 1191 1679 Matrimonio
1228 1649 1319 1680 rato
1346 1655 1361 1681 5
1391 1649 1578 1679 attamen
1607 1637 1767 1677 fatetur
1787 1636 1860 1686 sub

517 1702 613 1727 num.
638 1694 698 1728 16.
718 1713 731 1733 ‚
759 1689 1007 1730 affinitatem
1027 1705 1189 1743 quoque
1209 1693 1315 1732 illud
1326 1693 1470 1732 vocari
1486 1719 1500 1738 ‚
1531 1692 1677 1731 saltem
1694 1692 1859 1728 initiati-

515 1744 592 1783 «υὲ,
622 1741 740 1779 finon
757 1742 939 1789 perfecte
955 1769 969 1787 ‚
994 1744 1032 1782 Sc
1050 1745 1319 1783 consumate:
1348 1746 1386 1783 Sc
1406 1745 1480 1792 sub
1506 1758 1604 1781 num.
1626 1749 1687 1783 18.
1719 1745 1762 1786 ὠ·
1794 1756 1858 1780 20.

512 1793 682 1832 testatur
698 1818 711 1837 ‚
742 1793 847 1832 illud
862 1807 884 1833 a
899 1794 1072 1834 Dataria
1088 1796 1288 1845 appellari
1307 1795 1652 1844 impedimentum
1681 1794 1861 1838 affinita-

515 1844 570 1884 tis
598 1846 648 1882 ad
659 1848 891 1884 retrahendos
907 1849 1080 1886 Oratores
1102 1874 1114 1893 ,
1145 1850 1332 1900 omnesque
1345 1849 1433 1886 alios
1464 1862 1487 1885 a
1505 1849 1680 1898 petitione
1682 1846 1860 1896 similium

514 1898 836 1947 dispensationum,
852 1903 933 1938 cnm
943 1903 1098 1950 perinde
1104 1902 1155 1951 stt
1169 1928 1182 1947 ‚
1211 1916 1256 1940 ac
1263 1902 1298 1952 fi
1309 1901 1396 1951 effet
1411 1903 1706 1952 impedimentum
1713 1900 1827 1950 primi
1842 1921 1860 1943 9

516 1951 742 2000 velsecundi
761 1976 783 1997 ‚-
804 1953 868 1991 vel
881 1951 1042 1992 alterius
1048 1955 1190 2003 gradus
1203 1955 1390 2006 affinitatis
1406 1980 1419 2002 ‚
1447 1955 1566 2007 quoad
1581 1952 1858 2004 dispensationes

509 2003 622 2053 super
636 2017 674 2042 eo
687 2007 931 2054 impetrandas
943 2035 954 2046 .

466 2054 700 2106 Utramque
718 2057 1015 2101 difficultatem
1031 2059 1269 2110 ponderasse
1288 2061 1484 2101 videntur
1500 2060 1582 2100 EE.
1607 2058 1683 2099 ΡΡ.
1717 2057 1760 2096 in
1787 2067 1857 2096 an·

519 2109 735 2166 tecedenti
750 2110 1028 2160 propositione
1042 2138 1059 2158 ,
1088 2113 1351 2154 rescribendo
1380 2115 1452 2164 pro
1468 2110 1776 2162 dispensatione
1794 2109 1858 2147 fu·-

512 2171 585 2210 per
611 2162 913 2210 impedimento
926 2164 1096 2214 publicae
1108 2167 1330 2206 honestatis
1348 2190 1362 2211 ‚
1402 2169 1447 2211 &⁴
1476 2170 1589 2204 etiam
1600 2165 1788 2215 affinitatis
1803 2159 1854 2200 ad

516 2214 727 2253 cautelam
745 2245 756 2255 .
786 2215 943 2256 Verum
956 2217 1075 2265 super
1093 2217 1397 2266 impedimento
1425 2218 1647 2258 affinitatis
1670 2217 1708 2256 in
1726 2213 1859 2264 primo

513 2266 642 2316 gradu
657 2290 671 2312 ‚
690 2267 771 2307 five
788 2268 964 2308 affinitas
979 2269 1025 2308 fit
1043 2269 1255 2310 initiative
1275 2297 1290 2317 ‚
1319 2273 1401 2312 five
1418 2271 1601 2322 perfecte
1620 2297 1632 2316 ‚
1660 2270 1698 2309 Sc
1716 2265 1859 2306 consu-

517 2327 633 2359 mare
648 2346 663 2366 ,
678 2333 759 2360 non
775 2333 824 2361 ea
840 2319 1048 2362 facilitate
1062 2322 1318 2372 dispensatur
1332 2351 1346 2371 ‚
1374 2325 1476 2363 ficut
1494 2324 1534 2363 in
1555 2320 1856 2373 impedimento

515 2371 692 2420 publicae
712 2374 932 2414 honestatis
949 2375 1224 2423 proveniente
1258 2389 1306 2416 ex
1341 2376 1591 2427 sponsalibus
1619 2375 1671 2414 de
1685 2370 1826 2429 {uturp
1841 2393 1858 2415 ν

515 2431 564 2462 ut
579 2425 713 2465 tradit
743 2425 854 2467 idem
870 2428 1022 2478 Corrad.
1043 2428 1110 2467 loc.
1128 2431 1242 2467 citato
1256 2444 1423 2477 num.17.
1440 2433 1481 2467 in
1486 2431 1560 2478 fin.
1579 2459 1589 2468 .
1621 2426 1726 2464 Satis
1743 2433 1856 2463 enim

518 2477 730 2528 perspicua
758 2481 811 2519 est
830 2479 1017 2521 ‘Censura
1050 2480 1138 2521 Sac.
1157 2481 1338 2522 Concilii
1371 2479 1611 2522 Tridentini
1631 2475 1770 2535 inseff.
1794 2487 1856 2525 24-

520 2537 639 2582 fap-s'.
655 2533 702 2570 de
713 2532 876 2581 Reform.
892 2533 1158 2581 Matrimonii,
1192 2535 1260 2574 ubi
1289 2536 1405 2576 nulla
1436 2533 1546 2574 fat‘ta
1570 2529 1858 2568 distlsscsUOssCa

520 2587 632 2635 Ιῦῐςζ
650 2583 1000 2634 impedimentum
1016 2586 1417 2638 consanguinitatis,
1433 2589 1474 2628 ὃς
1486 2580 1720 2626 affinitatis,
1735 2592 1864 2631 gene·

521 2629 670 2670 taliter
683 2637 893 2686 statuitur,
909 2638 1018 2690 quod
1037 2640 1076 2679 in
1091 2641 1281 2691 gradibus
1301 2636 1518 2692 prohibitis
1535 2661 1548 2681 ³
1567 2634 1721 2673 nonnisi
1739 2645 1831 2672 raro
1842 2654 1859 2676 9

515 2680 559 2720 ἃ
575 2692 624 2720 ex
639 2688 757 2726 causi!
771 2713 785 2733 2
803 2691 1129 2740 dispensationes
1146 2694 1445 2736 concedantur,
1459 2687 1654 2743 quodque
1671 2689 1713 2726 in
1720 2687 1859 2736 ficun-

515 2732 564 2772 do
573 2735 700 2785 gradu
723 2750 921 2791 numquam
952 2745 1210 2795 dispenfhtur,
1233 2745 1302 2796 ng'fi
1323 2742 1424 2783 inter
1446 2742 1600 2792 Magnos
1626 2741 1860 2837 Prinudgfsz

1710 2808 1712 2812 .
1775 2810 1783 2819 ,
1819 2804 1836 2828 ⁰
