1934 2954
75 184 246 222 alteram
266 177 539 229 praecedenter
554 177 784 218 confestam
799 179 932 229 quoad
949 179 1014 218 Do
1024 189 1138 218 mum
1154 204 1166 225 ‚
1186 184 1224 222 ξε
1243 143 1403 224 Tabe?

81 233 395 273 iiamaestiniatas
411 232 584 275 sc.1588.
605 246 671 278 91.
698 245 728 270 1.

23 287 246 337 Reliquum
265 294 352 325 erat
370 310 381 329 ‚
401 293 445 322 ut
461 283 771 332 Beneplacitum
787 283 1067 331 Apostolicum
1098 285 1398 332 impetraretur

80 351 152 389 pro
163 337 416 387 obligatione
433 347 503 384 per
521 335 745 386 Religiosos
759 362 772 382 ,
790 336 827 376 St
842 336 884 376 P.
906 336 1117 376 Vicarium
1143 338 1395 379 Generalem

75 390 246 431 Ordinis
276 388 506 429 emittenda
532 388 572 426 in
590 386 720 427 forma
745 388 849 434 juris
879 389 1014 429 valida
1031 419 1042 429 .
1074 391 1198 430 Cives
1226 391 1364 441 itaque
1383 418 1397 437 ,

75 442 224 482 oblatis
243 440 626 481 SANCTISSIMO
658 439 903 480 DOMINO
934 441 1171 486 NOSTRO
1197 444 1400 493 precibus,

78 507 164 546 quae
182 496 232 534 ad
247 498 347 533 hanc
363 494 525 533 Sacram
541 492 910 542 congregationem
928 493 1093 534 remiffae
1111 496 1204 535 sunt
1219 522 1232 542 ,
1249 497 1400 546 suppli·-

75 557 224 587 carunt
244 571 257 591 ‚
286 559 334 586 ne
361 546 671 595 Beneplacitum
697 545 1024 591 concederetur,
1060 546 1169 598 quod
1194 546 1400 588 cessurum

75 596 186 640 foret
205 599 243 638 in
257 599 537 647 praejudicium
555 598 792 638 Conventus
810 621 823 642 ‚
841 600 880 638 Sc
897 599 1093 638 Civitatis
1107 625 1120 644 ‚
1144 611 1192 639 ac
1210 599 1250 639 in
1269 600 1402 640 detri-

76 661 265 692 mentum
279 651 422 690 Divini
438 651 608 690 Cultus.
637 649 690 687 Et
708 651 787 698 post
804 650 993 690 auditum
1017 650 1069 691 de
1096 663 1211 691 more
1231 653 1402 702 Episco-

79 715 179 751 pum
196 730 209 749 ,
223 704 348 744 Causa
367 715 470 742 nunc
487 701 727 751 proponitur
743 711 918 753 quatuor
947 703 1124 742 collet‘ta
1150 703 1367 753 Capitibus
1387 734 1399 744 .

79 755 289 796 Disserunt
306 764 444 795 autem
461 755 600 794 Patres
614 753 1050 800 Dominicani,novam
1068 756 1288 797 Ecclesiam
1302 770 1402 797 con·-

77 809 226 848 struere
244 834 257 854 ‚
276 809 357 857 post
372 807 524 847 veteris
542 806 859 847 demolitionem
875 833 889 852 ‚
906 818 1006 856 opus
1023 808 1289 848 neceffarium
1303 808 1401 855 effe,

77 859 120 901 &
136 861 250 899 omni
264 862 353 907 jure
380 859 611 908 permissum
629 883 641 904 ‚
672 868 715 897 ut
733 861 814 909 post
843 860 1079 900 Concilium
1106 859 1403 902 Tridentin'um

77 917 118 950 in
122 913 210 962 sess.
229 921 422 963 21..cap.7.
437 914 482 950 de
497 913 582 960 Res.
614 910 780 952 tradunt
809 916 932 954 Piton.
964 915 1010 951 de
1038 923 1152 952 contr.
1174 915 1324 953 Patron..
1339 914 1400 952 al-

77 966 148 1014 leg.
160 978 220 1004 12.
238 979 404 1005 numam
421 969 464 1009 ὠ*
480 969 538 1004 16.
556 989 570 1009 2
590 968 634 1008 &⁴
646 967 743 1003 Rota
769 966 880 1013 decis.
891 978 1005 1013 1037.
1036 966 1214 1012 nmmfin.
1245 977 1393 1005 coram..-

74 1017 208 1058 Molin.
224 1043 236 1063 ‚
254 1017 555 1069 specialemque
571 1017 621 1057 ad
636 1027 725 1056 eam
741 1018 1048 1058 construendam
1067 1017 1168 1068 ipsos
1186 1015 1402 1057 obtinuisse

78 1068 325 1109 facultatem
343 1083 364 1108 a
381 1070 500 1109 Sacra
514 1070 838 1118 congregatione
857 1071 1148 1121 Episcoporum
1162 1093 1174 1113 ‚
1203 1071 1241 1110 ὅ(
1263 1069 1401 1119 Regu-

76 1121 230 1160 larium
243 1145 256 1165 ‚
272 1134 357 1173 quae
371 1121 422 1160 ad
439 1121 752 1163 hunceffet‘tum
779 1123 996 1163 licentiam
1029 1122 1240 1172 impertita
1268 1122 1322 1160 est
1336 1120 1403 1159 fae-

79 1185 180 1212 nore
195 1174 422 1224 accipiendi
433 1175 543 1214 scuta
559 1176 703 1214 decem
718 1175 1011 1225 millesreliqua
1023 1187 1122 1215 vero
1141 1173 1401 1218 aedificia,se‘u

77 1225 237 1266 Domos
263 1226 725 1273 juxta-delineationem
749 1227 983 1268 Architecti
1011 1226 1291 1267 Marchionnis
1306 1225 1403 1264 aedi-

77 1277 272 1325 ficandas‚
290 1279 478 1324 subdunt,
493 1279 730 1319 evidentem
744 1279 974 1320 utilitatem
990 1280 1187 1319 allaturas
1204 1275 1282 1316 effe
1297 1279 1405 1316 Con-

79 1331 226 1371 ventui
242 1355 256 1375 ‚
271 1332 323 1371 ob
338 1343 487 1370 annuas
503 1330 767 1372 retrahendas
784 1332 1024 1379 pentiones,
1050 1342 1137 1381 qnoe
1155 1329 1195 1367 in
1211 1328 1399 1368 Civitate

74 1382 258 1423 Anconae
275 1383 443 1433 plurimi
461 1383 718 1433 pendunturs
746 1383 802 1421 Et
825 1382 920 1422 ideo
948 1381 1201 1423 contendunt
1217 1406 1229 1425 ‚
1261 1380 1400 1420 indul-

74 1434 256 1484 gendum
273 1436 350 1476 effe
365 1435 677 1486 Beneplacitum
709 1434 987 1483 Apostolicum
1014 1447 1086 1484 pro
1115 1432 1253 1473 valida
1278 1432 1404 1472 emit·-

75 1488 204 1546 tenda
219 1488 470 1580 obligatione
488 1487 726 1540 perficiendi
740 1499 839 1538 opus
858 1514 871 1533 ,
886 1488 994 1539 quod
1010 1487 1115 1530 utile
1132 1512 1146 1532 ‚
1165 1486 1204 1527 Sc
1224 1483 1402 1526 necessa-

79 1551 189 1581 num
207 1554 228 1581 C
279 1572 289 1582 .
351 1560 368 1582 ζ’
604 1580 608 1583 ,
1215 1573 1217 1575 ,

26 1586 125 1632 Necv
135 1603 282 1644 putant
296 1593 529 1634 utilitatem
545 1592 731 1634 Ecclefiae
749 1593 940 1633 imminui
958 1599 1030 1633 aut
1047 1597 1095 1632 ex
1112 1590 1281 1630 immani
1299 1591 1403 1629 sum-⁴

77 1658 148 1686 ma
161 1648 369 1686 scutorum
384 1645 594 1695 ot‘toginta
610 1646 791 1686 millium
808 1670 822 1691 ‚
852 1658 938 1696 quae
951 1647 1127 1693 janatur
1154 1641 1403 1683 necessaria-‚-

80 1699 132 1738 ad
144 1711 244 1748 opus
263 1699 557 1748 perficiendum
575 1723 589 1743 ,
607 1707 677 1739 aut
689 1711 736 1738 ex
752 1698 944 1737 oneribus
969 1711 995 1739 a
1020 1699 1140 1737 Sacra
1168 1695 1404 1750 Congregaj-

78 1751 196 1791 tione
212 1750 311 1790 Boni
327 1751 554 1800 Regiminis
585 1750 905 1800 superadjunc‘tis
919 1749 1121 1790 sternendi
1137 1771 1150 1792 ,
1165 1759 1211 1786 ac
1235 1745 1405 1786 curandi¹

82 1802 165 1843 suis
181 1803 405 1852 sumptibus
420 1801 608 1843 Plateam
627 1812 723 1842 ante
739 1803 864 1841 Fores
882 1813 994 1840 novae
1008 1799 1194 1839 Ecclefiae
1209 1822 1228 1842 ,γ
1240 1800 1279 1838 &
1293 1798 1406 1837 viam

83 1855 311 1895 lateralem
330 1878 344 1898 s
360 1863 484 1903 atque
502 1854 754 1902 producendi
771 1852 1055 1904 aquaeduostum
1070 1851 1195 1901 usque
1211 1849 1261 1888 ad
1274 1848 1406 1888 alium

80 1908 360 1947 construftum
371 1919 395 1946 a
407 1905 719 1947 Communitate
736 1935 746 1946 .
762 1904 953 1945 Afferunt
972 1915 1174 1955 namque,
1201 1902 1308 1941 vires
1324 1912 1407 1957 non

79 1956 215 2000 deesse
229 1958 464 1999 Conventui
482 1972 553 2009 pro
572 1960 732 2009 integro
746 1970 867 2006 opere
885 1955 1133 2008 perficiendo
1147 1967 1163 1994 3
1190 1952 1291 2003 quia
1303 1952 1409 2008 lic-et

80 2014 171 2059 ejus
186 2009 484 2051 Patrimonium
497 2023 578 2050 non
591 2009 762 2050 excedat
777 2010 886 2049 scuta
898 2009 1105 2058 sexaginta
1122 2012 1297 2058 quatuor
1312 2003 1407 2042 mil-

80 2065 126 2105 le
139 2090 152 2110 ‚
169 2065 292 2104 habet
303 2072 442 2102 tamen
458 2075 610 2102 annuos
624 2062 780 2102 reditus
799 2060 885 2100 fere
899 2062 1076 2109 sc.4000.
1094 2085 1108 2104 ‚
1119 2068 1299 2115 ''quor-um
1314 2064 1402 2094 tres

79 2125 218 2167 partes
242 2116 452 2165 supersunt
464 2114 674 2154 ordinariae
699 2112 1008 2152 manutentioni
1023 2111 1404 2166 F³m¹¹¹ae’¹‘²!¹¹t.aes.

82 2169 266 2209 alienum
280 2171 354 2207 hac
367 2168 576 2207 occasione
590 2166 724 2206 forsan
739 2163 1067 2204 contrahendum
1092 2161 1216 2202 facile
1240 2159 1407 2199 dimitti
1425 2167 1427 2169 ·

80 2221 202 2272 possit
217 2233 264 2260 ex
294 2220 437 2260 annuis
462 2219 675 2259 reditibus¹
694 2216 1038 2258 exuberantibus}
1061 2213 1235 2254 Addunt
1258 2220 1407 2262 praete·
1435 2249 1439 2255 ,

82 2286 154 2314 rea
168 2300 181 2319 ‚
195 2284 269 2322 pro
284 2284 388 2312 nova
403 2272 581 2311 Ecclesia
595 2268 856 2310 construenda
871 2267 1026 2319 requiri
1053 2267 1185 2306 solum
1214 2263 1406 2321 expensas

80 2326 292 2368 scutorum
303 2325 476 2374 triginta
491 2323 670 2364 millium
685 2347 698 2367 ‚
724 2324 838 2368 juxta
864 2319 1104 2360 Architesti
1120 2318 1407 2374 Marchionnis

86 2379 267 2425 iuratam
281 2376 607 2418 declarationem
625 2401 638 2421 ,
655 2376 816 2423 illisque
833 2372 941 2413 haud
969 2373 1143 2421 impares
1174 2367 1252 2410 esse
1293 2377 1407 2407 vires

87 2431 326 2471 Conventus
340 2454 353 2474 ‚
382 2430 496 2474 cujus
522 2427 715 2469 damnum
734 2426 903 2476 proinde
931 2424 1159 2465 verendum
1186 2433 1266 2460 non
1284 2420 1339 2458 est
1355 2419 1408 2477 ob

85 2482 169 2522 alia
186 2483 416 2533 excogitata
434 2479 600 2519 aedificia
617 2505 630 2526 ‚
648 2492 732 2531 quae
747 2476 1020 2519 commodiori
1050 2484 1237 2532 tempore
1266 2470 1406 2521 perfici

86 2542 283 2583 poterunt
296 2560 310 2580 ‚
328 2536 420 2574 cnm
438 2532 660 2573 facultates
676 2533 893 2581 suppetent
908 2541 918 2569 :
932 2527 1038 2579 quod
1051 2524 1252 2577 agnovisse
1263 2523 1407 2564 ferunt

88 2585 218 2626 etiam
235 2587 373 2628 Patres
389 2584 685 2626 Conventualis
703 2583 892 2631 Capituli
912 2605 925 2625 ‚
942 2581 1011 2631 qui
1028 2580 1111 2629 post
1129 2578 1244 2618 datas
1260 2575 1311 2616 ad
1329 2575 1409 2615 Pa·-

87 2645 199 2677 trem
217 2638 466 2679 Generalem
482 2638 643 2678 Literas
657 2635 892 2676 sedussione
911 2633 1108 2679 suspectas
1124 2643 1197 2680 pro
1211 2628 1408 2678 reproba-

88 2689 206 2732 tione
216 2689 504 2733 delineationis
517 2688 779 2731 Marchionni
795 2687 855 2730 uti
873 2684 1137 2738 praejudiciali
1151 2679 1408 2771 Conventa}
