1934 2954
484 119 555 155 106

473 177 672 215 quinione
693 164 877 203 omnium
896 164 1180 212 spiritualium
1198 162 1493 204 obventionum
1510 191 1521 211 ‚
1555 176 1639 215 quoe
1669 165 1733 204 illi
1750 164 1814 203 ot-

476 216 664 260 feruntur
680 245 691 263 ,
707 220 823 263 juxta
840 218 1001 256 firmata
1019 229 1087 264 per
1107 219 1340 257 Cardfflecr.
1373 220 1421 255 ad
1453 219 1610 268 Consta.
1642 217 1810 266 Anasta-

467 275 516 325 Jii
528 271 742 320 lIsisefla.
760 283 858 311 num.
871 276 932 308 1-5.
948 296 960 316 ‚
980 270 1108 319 &serp
1127 281 1255 309 tom.2.
1270 279 1423 321 pag.23.
1441 297 1454 317 ,
1483 275 1526 316 &⁴
1553 270 1674 321 Episc.
1693 269 1811 310 Zaul.

476 328 527 364 ad
541 327 688 365 statut.
705 325 863 362 Favent.
888 323 996 365 lib.3.
1029 325 1201 361 rubr.21.
1232 329 1401 367 nu7n.58.
1417 338 1430 364 ,-
1457 336 1713 375 nequaquam
1740 323 1815 362 ob-

476 380 604 417 stante
617 375 797 422 ejusdem
816 376 988 416 Parochi
1005 375 1312 414 amovibilitate
1327 402 1341 420 .,
1372 389 1454 427 qux
1473 376 1536 416 illi
1558 389 1637 415 non
1662 375 1813 415 adimit

475 428 871 471 administrationem
888 431 1085 467 bonorum
1104 428 1290 467 Ecclefiae
1309 451 1322 470 ‚
1339 435 1384 467 ut
1402 429 1536 468 innuit
1552 429 1650 468 Rota
1673 433 1714 466 in
1729 427 1810 465 Ea-

470 486 610 533 guhina
630 482 867 532 cappellaniae
885 495 900 519 1
911 495 946 520 2.
962 481 1158 519 Februarii
1182 494 1196 519 1
1206 494 1226 527 7
1235 493 1296 528 59.
1311 488 1394 529 ,6.4..
1410 495 1528 519 coram
1541 483 1817 531 Eminenttffimo

477 539 530 575 D.
549 536 738 575 cardinali
755 535 1010 585 Elephantutio
1028 545 1038 572 :
1071 536 1194 584 quum
1213 533 1438 581 praesertirn
1462 534 1621 574 amotio
1639 532 1811 574 Parochi

476 588 564 628 fieri
581 600 658 627 non
676 587 795 637 poffit
811 586 1042 626 inconsulto
1060 585 1260 637 Episcopo
1277 608 1290 630 ,
1307 597 1353 627 ex
1370 586 1555 627 deductis
1586 599 1658 637 per
1685 587 1813 626 Piton.

474 640 693 691 inficpplem.
713 642 762 678 ad
777 639 984 689 alleg.100.
1003 653 1102 678 num.
1111 644 1175 682 38.

422 698 461 738 A
473 694 614 736 dditur
630 694 791 742 insuper
812 718 824 738 ,
843 693 950 742 quod
963 691 1146 732 Parocho
1157 689 1297 731 faveat
1318 699 1421 742 tum,
1434 691 1667 731 verisimilis
1682 691 1819 731 Testa·-

478 746 581 790 toris
596 748 785 787 voluntas
802 769 816 790 2
834 754 923 785 tum
938 745 1179 796 subsequuta
1194 743 1451 785 observantia
1468 775 1478 784 .
1492 744 1698 784 Voluntas
1729 743 1818 794 qui·

475 803 571 841 dem
587 798 810 840 Testatoris
826 824 839 843 ‚
857 798 952 849 quia
965 809 1091 849 quum
1109 797 1190 847 ipse
1205 794 1303 837 esset
1317 797 1512 836 oriundus
1527 809 1574 838 ex
1590 797 1704 838 Villa
1720 794 1816 835 Bel-

477 852 709 893 loculorum
727 877 739 897 ‚
759 852 797 890 St
815 850 1110 900 consequenter
1127 850 1248 889 sciret
1282 850 1409 890 exiles
1441 849 1600 890 redi-tus
1627 849 1813 888 Parocho

476 904 747 946 obvenientes
761 927 775 946 ‚
794 901 843 942 ad
863 902 975 942 illius
991 902 1223 942 utilitatem
1239 900 1450 952 respexisse
1465 902 1632 942 videtur
1649 927 1662 946 ‚
1679 903 1818 951 legan-

475 960 529 999 do
546 957 732 997 Ecclesxae
749 957 899 995 sc.100.
915 966 1012 994 cum
1030 955 1116 994 solo
1134 966 1258 994 onere
1275 954 1453 1005 quinque
1474 952 1687 995 Miffarum
1716 966 1816 1004 quoa

470 1013 577 1051 „libet
596 1022 700 1049 anuo
715 1036 727 1054 ,
747 1018 794 1047 ut
813 1008 1012 1046 nimirum
1029 1007 1219 1056 pinguius
1237 1008 1570 1048 emolumentum
1585 1007 1814 1058 procedens

473 1076 521 1103 ex
535 1061 732 1101 frustibus
746 1059 926 1108 pecuniae
943 1060 1085 1108 legat-a:
1102 1058 1270 1098 cederet
1294 1059 1332 1097 in
1350 1061 1617 1100 commodum
1639 1057 1813 1100 Parochi

473 1115 681 1155 celebrare
697 1111 886 1151 debentis
903 1137 915 1156 ‚
932 1111 970 1149 &
988 1111 1029 1149 in
1044 1111 1233 1149 levamen
1251 1110 1363 1150 illius
1379 1113 1632 1161 paupertatis
1648 1143 1657 1152 .
1677 1111 1816 1151 Subse-

471 1174 599 1217 qnuta
616 1177 714 1205 vero
727 1162 1091 1204 observantiastum
1110 1160 1410 1213 quiaParochus
1428 1164 1515 1214 egit
1526 1164 1818 1205 contraHaere-

472 1220 542 1261 des
562 1218 737 1268 legantis
754 1228 826 1264 pro
848 1216 1170 1268 consequutione
1189 1214 1317 1263 legati
1334 1227 1343 1253 τ
1363 1217 1400 1256 Sc
1418 1216 1519 1257 licet
1535 1217 1669 1267 egerit
1683 1216 1819 1255 nomi-

470 1285 523 1312 ne
541 1269 884 1314 communitatis,
903 1269 969 1307 eui
985 1266 1241 1317 postmodum
1258 1268 1453 1317 pecunias
1470 1271 1627 1310 exactas
1644 1268 1819 1309 tradidit

462 1323 682 1374 *reportata
701 1320 932 1373 quietantia
948 1346 961 1365 ‚
979 1329 1163 1360 attamen
1183 1320 1273 1365 ejus
1289 1318 1443 1360 fat‘tum
1457 1323 1634 1363 alterare
1652 1319 1735 1361 nod
1750 1333 1818 1370 po-

474 1377 557 1417 tuit
573 1372 1078 1416 voluntatemTestatoriss
1097 1374 1185 1411 tum
1199 1373 1291 1422 quia
1307 1374 1510 1414 Parochus
1523 1376 1674 1425 jugiter
1687 1371 1838 1422 posse-x

472 1429 535 1470 dit
548 1427 953 1484 Praedium'ernptum
969 1438 1017 1466 ex
1036 1425 1220 1474 pecuniis
1234 1426 1385 1475 legatis
1400 1453 1413 1472 ‚
1434 1437 1477 1466 ut
1495 1428 1583 1468 erui
1600 1426 1819 1478 praetendi-

473 1490 542 1522 tur
557 1494 604 1523 ex
620 1487 884 1521 enunciativa
901 1490 1007 1517 anno
1029 1491 1142 1526 1747.
1160 1487 1231 1524 pro
1256 1481 1487 1519 amovendo
1520 1483 1671 1520 iterum
1691 1479 1812 1518 Paro-

475 1537 554 1574 cho
569 1547 590 1574 a
607 1531 837 1584 poffeflione
852 1531 996 1571 Praedii
1019 1543 1090 1580 per
1116 1529 1475 1586 Communitatem
1503 1531 1641 1573 emifl'a
1657 1557 1670 1576 ,
1701 1529 1811 1582 quod

469 1587 570 1628 alias
586 1597 691 1627 anno
712 1590 781 1628 165
794 1598 824 1623 1.
843 1584 1083 1632 ademptum
1098 1581 1234 1621 eidem
1251 1583 1377 1624 fuerit
1396 1585 1553 1624 distum
1571 1584 1776 1624 Praedium
1791 1611 1804 1621 .

469 1640 534 1681 Ac
546 1640 715 1680 demum
731 1636 1013 1687 praetenditur,
1032 1644 1175 1675 contra
1194 1637 1456 1677 voluntatem
1471 1637 1698 1678 Testatoris
1716 1633 1813 1682 eise,

470 1693 579 1744 quod
593 1692 748 1733 frutrus
764 1689 906 1728 Ps-xdn
926 1689 1108 1728 Ecclefiae
1122 1699 1216 1727 cum
1231 1703 1356 1729 onere
1374 1689 1584 1731 Mis-arum
1617 1688 1746 1738 legati
1769 1688 1812 1728 in

469 1746 706 1787 utilitatem
724 1743 911 1782 Ecclefiae
929 1751 1227 1782 convertantur
1247 1768 1259 1788 ,
1294 1751 1339 1782 ut
1356 1743 1544 1784 decrevit
1570 1740 1818 1785 Communi-

469 1799 590 1839 tasin
606 1796 802 1837 Comitiis
819 1796 913 1835 anni
933 1809 946 1833 1
959 1809 1047 1844 747.

419 1853 577 1895 Verum
593 1863 666 1900 pro
686 1859 802 1898 parte
818 1847 1143 1887 Communitatis
1160 1873 1172 1892 ,
1187 1848 1300 1893 juxta
1319 1847 1495 1888 dedufta
1521 1849 1560 1888 in
1578 1845 1814 1898 praeceden·

469 1906 575 1946 tibus
594 1902 718 1943 Foliis
733 1901 904 1951 benigne
922 1899 1211 1941 reassumendis
1226 1902 1455 1951 reponitur,
1480 1901 1588 1952 quod
1613 1900 1655 1940 in
1669 1899 1816 1939 Eccle-

466 1960 520 1998 fia
535 1956 845 1996 Belloculorum
861 1954 969 1994 Cura
993 1953 1240 1993 AnImarum
1265 1964 1485 1994 exercetur
1515 1967 1538 1994 a
1552 1953 1809 2003 Cappellano

470 2010 686 2050 adnutum
702 2006 1028 2047 communitatis
1054 2006 1271 2046 amovibili
1290 2033 1302 2053 ‚
1335 2015 1382 2046 ut
1409 2007 1629 2046 definitum
1660 2006 1713 2045 est
1739 2014 1812 2052 per

471 2075 562 2104 rem
577 2061 808 2108 judicatam
828 2060 1022 2100 Rotalem
1039 2059 1088 2098 ad
1103 2057 1278 2098 formam
1295 2060 1523 2099 Decifionis
1550 2061 1689 2098 Fanen.
1708 2054 1812 2110 juris

467 2117 681 2155 nominandi
698 2128 732 2153 2.
751 2113 863 2164 ‘Junii
881 2124 994 2161 1745.
1010 2120 1128 2152 eoram
1156 2111 1436 2160 Eminentiffimo
1465 2115 1517 2152 D.
1537 2114 1650 2151 Card.
1673 2111 1784 2158 Buffio
1797 2132 1816 2152 φ

470 2169 511 2208 in
527 2180 605 2218 qua
617 2175 651 2210 5.
662 2182 676 2207 1
689 2181 721 2207 1.
738 2167 974 2206 declaratur
988 2190 1001 2209 ‚
1036 2163 1270 2211 hujusmodi
1300 2165 1556 2204 amotionem
1572 2159 1812 2214 Cappellani

468 2219 617 2262 Curati
635 2218 726 2260 fieri
738 2216 845 2268 poffe
861 2231 883 2257 a
895 2217 1212 2258 Communitate
1229 2216 1396 2257 Vicaria
1423 2217 1680 2258 authoritate
1710 2209 1809 2262 Epi-

469 2272 582 2322 scopi
600 2295 615 2319 5
631 2271 754 2323 quiin
771 2269 1014 2311 fundatione
1031 2295 1044 2315 ‚
1061 2270 1419 2318 contemplatione
1434 2270 1571 2310 oneris
1598 2273 1813 2307 manuten-

471 2325 599 2365 tionis
617 2323 803 2365 Ecclefiae
815 2324 984 2363 videtur
1000 2322 1235 2368 hujusmodi
1246 2320 1495 2362 facultatem
1511 2318 1698 2361 Patronis
1715 2317 1814 2356 Lai-

468 2389 530 2417 cis
559 2375 790 2417 concessisse
808 2405 819 2415 .
847 2374 1096 2422 Hujusmodi
1119 2383 1262 2414 autem
1292 2374 1535 2424 Cappellani
1561 2371 1611 2411 ad
1636 2379 1814 2410 nutum.›

467 2429 714 2470 amovibiles
728 2433 744 2476 (
757 2427 854 2479 quid
870 2428 969 2478 quid
983 2428 1032 2467 sit
1045 2427 1097 2467 de
1113 2427 1375 2476 Cappellanis
1409 2438 1506 2467 vere
1520 2421 1810 2464 Ecclefiasticis

467 2482 784 2528 amovibilibus)
803 2492 884 2521 non
900 2481 991 2521 sunt
1008 2480 1204 2521 Reftores
1223 2480 1407 2519 Ecclesia:
1424 2505 1437 2524 ‚
1453 2477 1694 2527 nullumque
1709 2476 1815 2514 titu-

467 2534 556 2572 lum
574 2561 588 2580 ‚
605 2535 674 2576 vel
691 2537 757 2581 jus
773 2534 927 2574 habent
942 2533 982 2573 in
1001 2545 1050 2573 ea
1065 2558 1079 2577 ‚
1108 2531 1176 2573 sed
1190 2532 1385 2572 dicuntur
1409 2529 1682 2570 Coadiutores
1713 2528 1813 2578 Epi-

468 2585 611 2634 scopi,
627 2599 752 2635 penes
766 2598 892 2638 quem
909 2585 1055 2627 refidet
1070 2583 1180 2626 Cura
1198 2584 1453 2624 animarums
1484 2593 1558 2621 nec
1579 2581 1674 2621 ideo
1695 2591 1817 2631 repu-

466 2645 569 2687 gnat
585 2660 599 2682 2
615 2639 722 2690 quod
741 2639 885 2687 vigore
897 2638 1112 2679 consensus
1123 2640 1173 2677 ab
1187 2637 1386 2686 Episcopo
1402 2633 1443 2673 in
1462 2632 1704 2674 fundatione
1720 2645 1815 2684 prae-

469 2688 651 2731 stitinon
669 2691 762 2737 illi,
777 2690 846 2731 sed
869 2689 1036 2733 Patroni
1051 2689 1169 2731 Laici
1195 2690 1370 2730 habeant
1394 2687 1813 2779 administrationebnga
